[gd_resource type="Theme" load_steps=10 format=2]

[ext_resource path="res://Scene/UI/theme/MenuBlankStyle.tres" type="StyleBox" id=1]
[ext_resource path="res://texture/UI/textbox/checked.png" type="Texture" id=3]
[ext_resource path="res://texture/UI/textbox/unchecked.png" type="Texture" id=4]

[sub_resource type="StyleBoxFlat" id=1]
content_margin_left = 20.0
content_margin_right = 154.0
content_margin_top = 10.0
content_margin_bottom = 10.0
bg_color = Color( 0.4, 0.4, 0.4, 1 )
border_width_top = 30
border_color = Color( 0.4, 0.4, 0.4, 1 )
border_blend = true

[sub_resource type="StyleBoxFlat" id=2]
content_margin_left = 0.0
content_margin_right = 154.0
content_margin_top = 10.0
content_margin_bottom = 10.0
bg_color = Color( 0.654902, 0.654902, 0.654902, 1 )

[sub_resource type="StyleBoxEmpty" id=3]

[sub_resource type="StyleBoxEmpty" id=4]

[sub_resource type="StyleBoxEmpty" id=5]

[sub_resource type="StyleBoxEmpty" id=6]

[resource]
Button/colors/font_color = Color( 0.854902, 0.854902, 0.854902, 1 )
Button/colors/font_color_disabled = Color( 0.854902, 0.854902, 0.854902, 1 )
Button/colors/font_color_hover = Color( 0.854902, 0.854902, 0.854902, 1 )
Button/colors/font_color_pressed = Color( 0.854902, 0.854902, 0.854902, 1 )
Button/constants/hseparation = 2
Button/fonts/font = null
Button/styles/disabled = ExtResource( 1 )
Button/styles/focus = SubResource( 1 )
Button/styles/hover = SubResource( 1 )
Button/styles/normal = SubResource( 1 )
Button/styles/pressed = SubResource( 1 )
CheckBox/colors/font_color = Color( 0.854902, 0.854902, 0.854902, 1 )
CheckBox/colors/font_color_disabled = Color( 0.662745, 0.662745, 0.662745, 1 )
CheckBox/colors/font_color_hover = Color( 0.854902, 0.854902, 0.854902, 1 )
CheckBox/colors/font_color_hover_pressed = Color( 0.854902, 0.854902, 0.854902, 1 )
CheckBox/colors/font_color_pressed = Color( 0.854902, 0.854902, 0.854902, 1 )
CheckBox/constants/check_vadjust = 0
CheckBox/constants/hseparation = 4
CheckBox/fonts/font = null
CheckBox/icons/checked = ExtResource( 3 )
CheckBox/icons/radio_checked = ExtResource( 3 )
CheckBox/icons/radio_unchecked = ExtResource( 4 )
CheckBox/icons/unchecked = ExtResource( 4 )
CheckBox/styles/disabled = SubResource( 2 )
CheckBox/styles/focus = SubResource( 1 )
CheckBox/styles/hover = SubResource( 3 )
CheckBox/styles/hover_pressed = SubResource( 4 )
CheckBox/styles/normal = SubResource( 5 )
CheckBox/styles/pressed = SubResource( 6 )
