[gd_resource type="Theme" load_steps=35 format=2]

[ext_resource path="res://Scene/UI/theme/MenuPopup.tres" type="StyleBox" id=1]
[ext_resource path="res://Scene/UI/theme/MenuFont.tres" type="DynamicFont" id=2]
[ext_resource path="res://Scene/UI/theme/MenuLineEdit.tres" type="StyleBox" id=3]
[ext_resource path="res://Scene/UI/theme/MenuTextEdit.tres" type="StyleBox" id=4]
[ext_resource path="res://Scene/UI/theme/MenuTab.tres" type="StyleBox" id=5]
[ext_resource path="res://Scene/UI/theme/MenuTabPart.tres" type="StyleBox" id=6]
[ext_resource path="res://texture/UI/textbox/textbox-bg.png" type="Texture" id=7]
[ext_resource path="res://Scene/UI/theme/SliderStyle.tres" type="StyleBox" id=9]
[ext_resource path="res://texture/UI/textbox/slider_disabled.png" type="Texture" id=10]
[ext_resource path="res://texture/UI/textbox/slider_selected.png" type="Texture" id=11]
[ext_resource path="res://texture/UI/textbox/slider.png" type="Texture" id=12]
[ext_resource path="res://font/OPENDYSLEXIC-BOLD.OTF" type="DynamicFontData" id=14]
[ext_resource path="res://Scene/UI/theme/MenuLoading.tres" type="StyleBox" id=16]
[ext_resource path="res://Scene/UI/theme/MenuButtonPressed.tres" type="StyleBox" id=17]
[ext_resource path="res://Scene/UI/theme/MenuButtonHover.tres" type="StyleBox" id=18]
[ext_resource path="res://Scene/UI/theme/ItemBoxSelected.tres" type="StyleBox" id=20]
[ext_resource path="res://Scene/UI/theme/MenuFonte.tres" type="DynamicFont" id=26]
[ext_resource path="res://texture/UI/textbox/butt.png" type="Texture" id=28]
[ext_resource path="res://texture/UI/textbox/butt1.png" type="Texture" id=29]

[sub_resource type="DynamicFont" id=1]
size = 54
outline_size = 3
outline_color = Color( 0.0156863, 0.0156863, 0.0156863, 0.717647 )
use_filter = true
extra_spacing_top = -17
extra_spacing_bottom = -1
font_data = ExtResource( 14 )

[sub_resource type="StyleBoxTexture" id=2]
texture = ExtResource( 28 )
region_rect = Rect2( 0, 0, 1082, 412 )
margin_left = 59.0958
margin_right = 62.0403
margin_top = 43.2507
margin_bottom = 48.247

[sub_resource type="StyleBoxTexture" id=3]
texture = ExtResource( 29 )
region_rect = Rect2( 0, 0, 1082, 412 )
margin_left = 92.0958
margin_right = 90.1697
margin_top = 43.2507
margin_bottom = 48.247

[sub_resource type="StyleBoxFlat" id=4]
content_margin_left = 0.0
content_margin_right = 0.0
content_margin_top = 0.0
content_margin_bottom = 0.0
bg_color = Color( 1, 1, 1, 1 )
border_width_left = 6
border_width_top = 6
border_width_right = 2
border_width_bottom = 2
border_color = Color( 0.0862745, 0.0862745, 0.0862745, 1 )
border_blend = true
corner_detail = 3
expand_margin_left = 5.0
expand_margin_right = 5.0
expand_margin_top = 5.0
expand_margin_bottom = 5.0

[sub_resource type="StyleBoxLine" id=5]
thickness = 10

[sub_resource type="StyleBoxFlat" id=6]
content_margin_left = 4.0
bg_color = Color( 0.156863, 0.156863, 0.156863, 1 )
border_width_left = 5
border_width_top = 10
border_width_right = 2
border_width_bottom = 2
border_color = Color( 0.0705882, 0.0705882, 0.0705882, 1 )
border_blend = true

[sub_resource type="StyleBoxEmpty" id=7]

[sub_resource type="DynamicFontData" id=8]
font_path = "res://font/CONSOLA.TTF"

[sub_resource type="DynamicFont" id=9]
size = 20
outline_size = 2
outline_color = Color( 0.176471, 0.176471, 0.176471, 0.717647 )
use_mipmaps = true
extra_spacing_top = 3
font_data = SubResource( 8 )

[sub_resource type="StyleBoxFlat" id=10]
content_margin_left = 0.0
bg_color = Color( 0.0862745, 0.0901961, 0.0862745, 1 )
border_width_left = 3
border_width_top = 15
border_width_right = 1
border_width_bottom = 1
border_color = Color( 0.00784314, 0.00784314, 0.00784314, 1 )
border_blend = true
corner_radius_top_left = 15
corner_radius_top_right = 15
corner_radius_bottom_right = 15
corner_radius_bottom_left = 15
shadow_color = Color( 0.376471, 0.376471, 0.376471, 0.6 )

[sub_resource type="StyleBoxFlat" id=11]
bg_color = Color( 0.203922, 0.203922, 0.203922, 1 )
border_width_left = 5
border_width_top = 5
border_color = Color( 0, 0, 0, 1 )
border_blend = true
corner_radius_top_left = 5
corner_radius_top_right = 5
corner_radius_bottom_right = 5
corner_radius_bottom_left = 5

[sub_resource type="StyleBoxTexture" id=12]
content_margin_left = 40.0
content_margin_right = 40.0
content_margin_top = 15.0
content_margin_bottom = 50.0
texture = ExtResource( 7 )
region_rect = Rect2( 0, 0, 1082, 412 )
margin_left = 111.254
margin_right = 137.817
margin_top = 112.332
margin_bottom = 141.253
expand_margin_left = 20.0
expand_margin_right = 20.0
expand_margin_top = 15.0
expand_margin_bottom = 80.0

[sub_resource type="StyleBoxFlat" id=13]
bg_color = Color( 0.384314, 0.384314, 0.384314, 1 )
border_width_top = 2
border_width_right = 2
border_color = Color( 0.545098, 0.545098, 0.545098, 1 )
border_blend = true
shadow_size = 1

[sub_resource type="StyleBoxFlat" id=14]
bg_color = Color( 0.533333, 0.533333, 0.533333, 1 )
border_width_top = 2
border_width_right = 2
border_color = Color( 0.760784, 0.760784, 0.760784, 1 )
border_blend = true
shadow_size = 1

[sub_resource type="StyleBoxFlat" id=15]
content_margin_left = 0.0
bg_color = Color( 0.27451, 0.27451, 0.27451, 1 )
border_width_right = 50
border_color = Color( 0.168627, 0.168627, 0.168627, 1 )
border_blend = true
shadow_size = 2

[resource]
default_font = ExtResource( 2 )
Button/colors/font_color = Color( 0.854902, 0.854902, 0.854902, 1 )
Button/colors/font_color_disabled = Color( 0.611765, 0.611765, 0.611765, 1 )
Button/colors/font_color_hover = Color( 0.854902, 0.854902, 0.854902, 1 )
Button/colors/font_color_pressed = Color( 0.854902, 0.854902, 0.854902, 1 )
Button/constants/hseparation = 4
Button/fonts/font = SubResource( 1 )
Button/styles/disabled = SubResource( 2 )
Button/styles/focus = ExtResource( 18 )
Button/styles/hover = ExtResource( 18 )
Button/styles/normal = SubResource( 3 )
Button/styles/pressed = ExtResource( 17 )
Fonts/fonts/large = ExtResource( 2 )
Fonts/fonts/normal = ExtResource( 2 )
GridContainer/constants/hseparation = 4
GridContainer/constants/vseparation = 4
HScrollBar/icons/decrement = null
HScrollBar/icons/decrement_highlight = null
HScrollBar/icons/increment = null
HScrollBar/icons/increment_highlight = null
HScrollBar/styles/grabber = null
HScrollBar/styles/grabber_highlight = null
HScrollBar/styles/grabber_pressed = null
HScrollBar/styles/scroll = null
HScrollBar/styles/scroll_focus = null
HSlider/icons/grabber = ExtResource( 11 )
HSlider/icons/grabber_disabled = ExtResource( 10 )
HSlider/icons/grabber_highlight = ExtResource( 12 )
HSlider/icons/tick = null
HSlider/styles/grabber_area = ExtResource( 9 )
HSlider/styles/grabber_area_highlight = SubResource( 4 )
HSlider/styles/slider = SubResource( 5 )
ItemList/colors/font_color = Color( 0.847059, 0.847059, 0.847059, 1 )
ItemList/colors/font_color_selected = Color( 0.847059, 0.847059, 0.847059, 1 )
ItemList/colors/guide_color = Color( 0.560784, 0.560784, 0.560784, 0 )
ItemList/constants/hseparation = 4
ItemList/constants/icon_margin = 4
ItemList/constants/line_separation = 8
ItemList/constants/vseparation = 2
ItemList/fonts/font = null
ItemList/styles/bg = SubResource( 6 )
ItemList/styles/bg_focus = SubResource( 7 )
ItemList/styles/cursor = null
ItemList/styles/cursor_unfocused = null
ItemList/styles/selected = ExtResource( 20 )
ItemList/styles/selected_focus = ExtResource( 20 )
Label/colors/font_color = Color( 1, 1, 1, 1 )
Label/colors/font_color_shadow = Color( 0.0901961, 0.0901961, 0.0901961, 1 )
Label/colors/font_outline_modulate = Color( 0, 0, 0, 1 )
Label/constants/line_spacing = 3
Label/constants/shadow_as_outline = 1
Label/constants/shadow_offset_x = 1
Label/constants/shadow_offset_y = 1
Label/fonts/font = ExtResource( 2 )
Label/styles/normal = null
LineEdit/colors/clear_button_color = Color( 0, 0, 0, 1 )
LineEdit/colors/clear_button_color_pressed = Color( 0, 0, 0, 1 )
LineEdit/colors/cursor_color = Color( 0.490196, 0.490196, 0.490196, 1 )
LineEdit/colors/font_color = Color( 0.415686, 0.415686, 0.415686, 1 )
LineEdit/colors/font_color_selected = Color( 0.278431, 0.278431, 0.278431, 1 )
LineEdit/colors/font_color_uneditable = Color( 0.615686, 0.615686, 0.615686, 1 )
LineEdit/colors/selection_color = Color( 0.678431, 0.678431, 0.678431, 1 )
LineEdit/constants/minimum_spaces = 3
LineEdit/fonts/font = ExtResource( 2 )
LineEdit/icons/clear = null
LineEdit/styles/focus = ExtResource( 3 )
LineEdit/styles/normal = ExtResource( 3 )
LineEdit/styles/read_only = ExtResource( 3 )
Panel/styles/panel = ExtResource( 1 )
ProgressBar/colors/font_color = Color( 1, 1, 1, 1 )
ProgressBar/colors/font_color_shadow = Color( 0, 0, 0, 1 )
ProgressBar/fonts/font = SubResource( 9 )
ProgressBar/styles/bg = SubResource( 10 )
ProgressBar/styles/fg = ExtResource( 16 )
RichTextLabel/colors/default_color = Color( 0, 0, 0, 1 )
RichTextLabel/colors/font_color_selected = Color( 0, 0, 0, 1 )
RichTextLabel/colors/font_color_shadow = Color( 0, 0, 0, 1 )
RichTextLabel/colors/selection_color = Color( 0, 0, 0, 1 )
RichTextLabel/constants/line_separation = 1
RichTextLabel/constants/shadow_as_outline = 0
RichTextLabel/constants/shadow_offset_x = 1
RichTextLabel/constants/shadow_offset_y = 1
RichTextLabel/constants/table_hseparation = 3
RichTextLabel/constants/table_vseparation = 3
RichTextLabel/fonts/bold_font = null
RichTextLabel/fonts/bold_italics_font = null
RichTextLabel/fonts/italics_font = null
RichTextLabel/fonts/mono_font = null
RichTextLabel/fonts/normal_font = null
RichTextLabel/styles/focus = null
RichTextLabel/styles/normal = null
ScrollContainer/styles/bg = SubResource( 11 )
TabContainer/colors/font_color_bg = Color( 0.368627, 0.356863, 0.356863, 1 )
TabContainer/colors/font_color_disabled = Color( 0.309804, 0.309804, 0.309804, 1 )
TabContainer/colors/font_color_fg = Color( 0.513726, 0.494118, 0.494118, 1 )
TabContainer/constants/hseparation = 4
TabContainer/constants/label_valign_bg = 2
TabContainer/constants/label_valign_fg = 0
TabContainer/constants/side_margin = 8
TabContainer/constants/top_margin = 24
TabContainer/fonts/font = ExtResource( 26 )
TabContainer/icons/decrement = null
TabContainer/icons/decrement_highlight = null
TabContainer/icons/increment = null
TabContainer/icons/increment_highlight = null
TabContainer/icons/menu = null
TabContainer/icons/menu_highlight = null
TabContainer/styles/panel = ExtResource( 5 )
TabContainer/styles/tab_bg = ExtResource( 6 )
TabContainer/styles/tab_disabled = ExtResource( 6 )
TabContainer/styles/tab_fg = SubResource( 12 )
TextEdit/colors/background_color = Color( 0, 0, 0, 1 )
TextEdit/colors/bookmark_color = Color( 0, 0, 0, 1 )
TextEdit/colors/brace_mismatch_color = Color( 0, 0, 0, 1 )
TextEdit/colors/breakpoint_color = Color( 0, 0, 0, 1 )
TextEdit/colors/caret_background_color = Color( 0, 0, 0, 1 )
TextEdit/colors/caret_color = Color( 0, 0, 0, 1 )
TextEdit/colors/code_folding_color = Color( 0, 0, 0, 1 )
TextEdit/colors/completion_background_color = Color( 0, 0, 0, 1 )
TextEdit/colors/completion_existing_color = Color( 0, 0, 0, 1 )
TextEdit/colors/completion_font_color = Color( 0, 0, 0, 1 )
TextEdit/colors/completion_scroll_color = Color( 0, 0, 0, 1 )
TextEdit/colors/completion_selected_color = Color( 0, 0, 0, 1 )
TextEdit/colors/current_line_color = Color( 0, 0, 0, 1 )
TextEdit/colors/executing_line_color = Color( 0, 0, 0, 1 )
TextEdit/colors/font_color = Color( 0.439216, 0.439216, 0.439216, 1 )
TextEdit/colors/font_color_readonly = Color( 0, 0, 0, 1 )
TextEdit/colors/font_color_selected = Color( 0, 0, 0, 1 )
TextEdit/colors/function_color = Color( 0, 0, 0, 1 )
TextEdit/colors/line_number_color = Color( 0, 0, 0, 1 )
TextEdit/colors/mark_color = Color( 0, 0, 0, 1 )
TextEdit/colors/member_variable_color = Color( 0, 0, 0, 1 )
TextEdit/colors/number_color = Color( 0, 0, 0, 1 )
TextEdit/colors/safe_line_number_color = Color( 0, 0, 0, 1 )
TextEdit/colors/selection_color = Color( 0, 0, 0, 1 )
TextEdit/colors/symbol_color = Color( 0, 0, 0, 1 )
TextEdit/colors/word_highlighted_color = Color( 0, 0, 0, 1 )
TextEdit/constants/completion_lines = 7
TextEdit/constants/completion_max_width = 50
TextEdit/constants/completion_scroll_width = 3
TextEdit/constants/line_spacing = 4
TextEdit/fonts/font = ExtResource( 2 )
TextEdit/icons/fold = null
TextEdit/icons/folded = null
TextEdit/icons/space = null
TextEdit/icons/tab = null
TextEdit/styles/completion = ExtResource( 4 )
TextEdit/styles/focus = ExtResource( 4 )
TextEdit/styles/normal = ExtResource( 4 )
TextEdit/styles/read_only = ExtResource( 4 )
VScrollBar/icons/decrement = null
VScrollBar/icons/decrement_highlight = null
VScrollBar/icons/increment = null
VScrollBar/icons/increment_highlight = null
VScrollBar/styles/grabber = SubResource( 13 )
VScrollBar/styles/grabber_highlight = SubResource( 13 )
VScrollBar/styles/grabber_pressed = SubResource( 14 )
VScrollBar/styles/scroll = SubResource( 15 )
VScrollBar/styles/scroll_focus = null
VSlider/icons/grabber = ExtResource( 11 )
VSlider/icons/grabber_disabled = ExtResource( 10 )
VSlider/icons/grabber_highlight = ExtResource( 12 )
VSlider/icons/tick = null
VSlider/styles/grabber_area = ExtResource( 9 )
VSlider/styles/grabber_area_highlight = ExtResource( 9 )
VSlider/styles/slider = null
