[gd_scene load_steps=35 format=2]

[ext_resource path="res://Scene/UI/menu/newMenu/options/InputBind/GamepadInputAccess.gd" type="Script" id=1]
[ext_resource path="res://Scene/UI/theme/MenuScrollContainerLabel.tres" type="Theme" id=2]
[ext_resource path="res://Scene/UI/theme/Text.theme" type="Theme" id=3]
[ext_resource path="res://Scene/UI/theme/MenuTheme.tres" type="Theme" id=4]
[ext_resource path="res://Scene/UI/theme/MenuClear.tres" type="Theme" id=5]
[ext_resource path="res://sound/sfx/ui/menu_open.wav" type="AudioStream" id=6]
[ext_resource path="res://Scene/UI/menu/newMenu/options/InputBind/GamepadInputOptions.gd" type="Script" id=7]
[ext_resource path="res://sound/sfx/ui/menu_cancel.wav" type="AudioStream" id=8]
[ext_resource path="res://sound/sfx/ui/menu_open_up.wav" type="AudioStream" id=9]
[ext_resource path="res://texture/icons/screen-128x128-1214629.png" type="Texture" id=10]
[ext_resource path="res://texture/icons/handicap-symbol-128x128-1213995.png" type="Texture" id=11]
[ext_resource path="res://texture/icons/internet-96x96-1214323.png" type="Texture" id=12]
[ext_resource path="res://texture/icons/setting-128x128-1881213.png" type="Texture" id=13]
[ext_resource path="res://texture/icons/focus-96x96-1216357.png" type="Texture" id=14]
[ext_resource path="res://Scene/UI/menu/Help/HelpClose.tscn" type="PackedScene" id=15]
[ext_resource path="res://Scene/UI/menu/newMenu/options/InputBind/ControllerInputHelpClose.gd" type="Script" id=16]
[ext_resource path="res://font/OPENDYSLEXIC-BOLD.OTF" type="DynamicFontData" id=17]

[sub_resource type="DynamicFont" id=17]
size = 66
outline_size = 4
outline_color = Color( 0.109804, 0.109804, 0.109804, 1 )
font_data = ExtResource( 17 )

[sub_resource type="Theme" id=1]
Label/colors/font_color = Color( 0.556863, 0.556863, 0.556863, 1 )
Label/colors/font_color_shadow = Color( 0, 0, 0, 0 )
Label/colors/font_outline_modulate = Color( 0.556863, 0.556863, 0.556863, 1 )
Label/constants/line_spacing = 3
Label/constants/shadow_as_outline = 0
Label/constants/shadow_offset_x = 1
Label/constants/shadow_offset_y = 1
Label/fonts/font = SubResource( 17 )
Label/styles/normal = null

[sub_resource type="StyleBoxEmpty" id=22]

[sub_resource type="StyleBoxEmpty" id=18]

[sub_resource type="StyleBoxEmpty" id=19]

[sub_resource type="StyleBoxEmpty" id=20]

[sub_resource type="StyleBoxEmpty" id=21]

[sub_resource type="Theme" id=7]
Button/colors/font_color = Color( 0.627451, 0.627451, 0.627451, 1 )
Button/colors/font_color_disabled = Color( 0.9, 0.9, 0.9, 0.2 )
Button/colors/font_color_hover = Color( 1, 1, 1, 1 )
Button/colors/font_color_pressed = Color( 1, 1, 1, 1 )
Button/constants/hseparation = 2
Button/fonts/font = SubResource( 17 )
Button/styles/disabled = SubResource( 22 )
Button/styles/focus = SubResource( 18 )
Button/styles/hover = SubResource( 19 )
Button/styles/normal = SubResource( 20 )
Button/styles/pressed = SubResource( 21 )

[sub_resource type="Theme" id=10]
Label/colors/font_color = Color( 0.556863, 0.556863, 0.556863, 1 )
Label/colors/font_color_shadow = Color( 0, 0, 0, 0 )
Label/colors/font_outline_modulate = Color( 0.556863, 0.556863, 0.556863, 1 )
Label/constants/line_spacing = 3
Label/constants/shadow_as_outline = 0
Label/constants/shadow_offset_x = 1
Label/constants/shadow_offset_y = 1
Label/fonts/font = null
Label/styles/normal = null

[sub_resource type="StyleBoxEmpty" id=11]

[sub_resource type="StyleBoxEmpty" id=12]

[sub_resource type="StyleBoxEmpty" id=13]

[sub_resource type="StyleBoxEmpty" id=14]

[sub_resource type="StyleBoxEmpty" id=15]

[sub_resource type="Theme" id=16]
Button/colors/font_color = Color( 0.627451, 0.627451, 0.627451, 1 )
Button/colors/font_color_disabled = Color( 0.9, 0.9, 0.9, 0.2 )
Button/colors/font_color_hover = Color( 1, 1, 1, 1 )
Button/colors/font_color_pressed = Color( 1, 1, 1, 1 )
Button/constants/hseparation = 2
Button/fonts/font = null
Button/styles/disabled = SubResource( 11 )
Button/styles/focus = SubResource( 12 )
Button/styles/hover = SubResource( 13 )
Button/styles/normal = SubResource( 14 )
Button/styles/pressed = SubResource( 15 )

[sub_resource type="Animation" id=8]
length = 0.3
tracks/0/type = "bezier"
tracks/0/path = NodePath(".:modulate:r")
tracks/0/interp = 1
tracks/0/loop_wrap = true
tracks/0/imported = false
tracks/0/enabled = true
tracks/0/keys = {
"points": PoolRealArray( 1, -0.25, 0, 0.25, 0, 1, -0.25, 0, 0.25, 0 ),
"times": PoolRealArray( 0, 0.3 )
}
tracks/1/type = "bezier"
tracks/1/path = NodePath(".:modulate:g")
tracks/1/interp = 1
tracks/1/loop_wrap = true
tracks/1/imported = false
tracks/1/enabled = true
tracks/1/keys = {
"points": PoolRealArray( 1, -0.25, 0, 0.25, 0, 1, -0.25, 0, 0.25, 0 ),
"times": PoolRealArray( 0, 0.3 )
}
tracks/2/type = "bezier"
tracks/2/path = NodePath(".:modulate:b")
tracks/2/interp = 1
tracks/2/loop_wrap = true
tracks/2/imported = false
tracks/2/enabled = true
tracks/2/keys = {
"points": PoolRealArray( 1, -0.25, 0, 0.25, 0, 1, -0.25, 0, 0.25, 0 ),
"times": PoolRealArray( 0, 0.3 )
}
tracks/3/type = "bezier"
tracks/3/path = NodePath(".:modulate:a")
tracks/3/interp = 1
tracks/3/loop_wrap = true
tracks/3/imported = false
tracks/3/enabled = true
tracks/3/keys = {
"points": PoolRealArray( 0, -0.25, 0, 0.25, 0, 1, -0.25, 0, 0.25, 0 ),
"times": PoolRealArray( 0, 0.3 )
}

[sub_resource type="Animation" id=9]
length = 0.3
tracks/0/type = "bezier"
tracks/0/path = NodePath(".:rect_position:y")
tracks/0/interp = 1
tracks/0/loop_wrap = true
tracks/0/imported = false
tracks/0/enabled = true
tracks/0/keys = {
"points": PoolRealArray( -100, -0.25, 0, 0.25, 0, 20, -0.25, 0, 0.25, 0 ),
"times": PoolRealArray( 0, 0.3 )
}
tracks/1/type = "bezier"
tracks/1/path = NodePath(".:modulate:r")
tracks/1/interp = 1
tracks/1/loop_wrap = true
tracks/1/imported = false
tracks/1/enabled = true
tracks/1/keys = {
"points": PoolRealArray( 1, -0.25, 0, 0.25, 0, 1, -0.25, 0, 0.25, 0 ),
"times": PoolRealArray( 0, 0.3 )
}
tracks/2/type = "bezier"
tracks/2/path = NodePath(".:modulate:g")
tracks/2/interp = 1
tracks/2/loop_wrap = true
tracks/2/imported = false
tracks/2/enabled = true
tracks/2/keys = {
"points": PoolRealArray( 1, -0.25, 0, 0.25, 0, 1, -0.25, 0, 0.25, 0 ),
"times": PoolRealArray( 0, 0.3 )
}
tracks/3/type = "bezier"
tracks/3/path = NodePath(".:modulate:b")
tracks/3/interp = 1
tracks/3/loop_wrap = true
tracks/3/imported = false
tracks/3/enabled = true
tracks/3/keys = {
"points": PoolRealArray( 1, -0.25, 0, 0.25, 0, 1, -0.25, 0, 0.25, 0 ),
"times": PoolRealArray( 0, 0.3 )
}
tracks/4/type = "bezier"
tracks/4/path = NodePath(".:modulate:a")
tracks/4/interp = 1
tracks/4/loop_wrap = true
tracks/4/imported = false
tracks/4/enabled = true
tracks/4/keys = {
"points": PoolRealArray( 1, -0.25, 0, 0.25, 0, 0, -0.25, 0, 0.25, 0 ),
"times": PoolRealArray( 0, 0.3 )
}

[node name="Controller Input" type="Control"]
anchor_right = 1.0
anchor_bottom = 1.0
margin_left = -70.0
margin_top = -120.0
margin_right = -70.0
margin_bottom = -120.0
theme = ExtResource( 4 )
script = ExtResource( 1 )
__meta__ = {
"_edit_use_anchors_": false
}

[node name="Panel" type="Panel" parent="."]
self_modulate = Color( 0.878431, 0.878431, 0.878431, 1 )
margin_left = 101.0
margin_top = 170.0
margin_right = 1976.0
margin_bottom = 1120.0
script = ExtResource( 7 )
__meta__ = {
"_edit_use_anchors_": false
}

[node name="Label" type="Label" parent="Panel"]
self_modulate = Color( 0.909804, 0.909804, 0.909804, 1 )
margin_left = 446.0
margin_top = -26.0
margin_right = 1381.0
margin_bottom = 149.0
theme = ExtResource( 3 )
text = "Controller Input"
align = 1
__meta__ = {
"_edit_use_anchors_": false
}

[node name="ScrollContainer" type="ScrollContainer" parent="Panel"]
modulate = Color( 0.878431, 0.878431, 0.878431, 1 )
margin_left = 48.707
margin_top = 156.898
margin_right = 1798.71
margin_bottom = 681.898
follow_focus = true
__meta__ = {
"_edit_use_anchors_": false
}

[node name="VBoxContainer" type="VBoxContainer" parent="Panel/ScrollContainer"]
margin_left = 5.0
margin_top = 5.0
margin_right = 1394.0
margin_bottom = 3521.0

[node name="ScreenLabel2" type="GridContainer" parent="Panel/ScrollContainer/VBoxContainer"]
margin_right = 1389.0
margin_bottom = 96.0
columns = 2

[node name="TextureRect" type="TextureRect" parent="Panel/ScrollContainer/VBoxContainer/ScreenLabel2"]
margin_right = 96.0
margin_bottom = 96.0
texture = ExtResource( 13 )
__meta__ = {
"_edit_use_anchors_": false
}

[node name="Label" type="Label" parent="Panel/ScrollContainer/VBoxContainer/ScreenLabel2"]
margin_left = 100.0
margin_right = 1100.0
margin_bottom = 96.0
rect_min_size = Vector2( 1000, 0 )
theme = ExtResource( 2 )
text = " General"

[node name="AxisGrid" type="GridContainer" parent="Panel/ScrollContainer/VBoxContainer"]
margin_top = 100.0
margin_right = 1389.0
margin_bottom = 226.0
focus_mode = 2
__meta__ = {
"_edit_use_anchors_": false
}

[node name="AxisReverseChkbox" type="CheckBox" parent="Panel/ScrollContainer/VBoxContainer/AxisGrid"]
margin_right = 691.0
margin_bottom = 126.0
hint_tooltip = "If true, moves with the
right axis and manages
magnifier with the left."
theme = ExtResource( 5 )
text = "  Axis Reversed"

[node name="ScreenLabel" type="GridContainer" parent="Panel/ScrollContainer/VBoxContainer"]
margin_top = 230.0
margin_right = 1389.0
margin_bottom = 326.0
columns = 2

[node name="TextureRect" type="TextureRect" parent="Panel/ScrollContainer/VBoxContainer/ScreenLabel"]
margin_right = 96.0
margin_bottom = 96.0
texture = ExtResource( 10 )
__meta__ = {
"_edit_use_anchors_": false
}

[node name="Label" type="Label" parent="Panel/ScrollContainer/VBoxContainer/ScreenLabel"]
margin_left = 100.0
margin_right = 1100.0
margin_bottom = 96.0
rect_min_size = Vector2( 1000, 0 )
theme = ExtResource( 2 )
text = " User Interface"

[node name="GridContainer" type="GridContainer" parent="Panel/ScrollContainer/VBoxContainer"]
margin_top = 330.0
margin_right = 1389.0
margin_bottom = 1646.0
rect_min_size = Vector2( 1150, 0 )
focus_mode = 2
columns = 2
__meta__ = {
"_edit_use_anchors_": false
}

[node name="AcceptLabel" type="Label" parent="Panel/ScrollContainer/VBoxContainer/GridContainer"]
margin_right = 900.0
margin_bottom = 116.0
rect_min_size = Vector2( 900, 10 )
theme = SubResource( 1 )
text = " Select"

[node name="AcceptButton" type="Button" parent="Panel/ScrollContainer/VBoxContainer/GridContainer"]
margin_left = 904.0
margin_right = 1264.0
margin_bottom = 116.0
rect_min_size = Vector2( 360, 0 )
hint_tooltip = "Accepts input in menus."
theme = SubResource( 7 )
text = "[None]"
flat = true

[node name="SelectLabel2" type="Label" parent="Panel/ScrollContainer/VBoxContainer/GridContainer"]
margin_top = 120.0
margin_right = 900.0
margin_bottom = 236.0
rect_min_size = Vector2( 900, 10 )
theme = SubResource( 1 )
text = " Accept"

[node name="SelectButton2" type="Button" parent="Panel/ScrollContainer/VBoxContainer/GridContainer"]
margin_left = 904.0
margin_top = 120.0
margin_right = 1264.0
margin_bottom = 236.0
rect_min_size = Vector2( 360, 0 )
hint_tooltip = "Accepts input in menus."
theme = SubResource( 7 )
text = "[None]"
flat = true

[node name="CancelLabel" type="Label" parent="Panel/ScrollContainer/VBoxContainer/GridContainer"]
margin_top = 240.0
margin_right = 900.0
margin_bottom = 356.0
rect_min_size = Vector2( 900, 10 )
theme = SubResource( 1 )
text = " Cancel"

[node name="CancelnputButton" type="Button" parent="Panel/ScrollContainer/VBoxContainer/GridContainer"]
margin_left = 904.0
margin_top = 240.0
margin_right = 1264.0
margin_bottom = 356.0
rect_min_size = Vector2( 360, 0 )
hint_tooltip = "Cancels  menus."
theme = SubResource( 7 )
text = "[None]"
flat = true

[node name="SelectLabel" type="Label" parent="Panel/ScrollContainer/VBoxContainer/GridContainer"]
margin_top = 360.0
margin_right = 900.0
margin_bottom = 476.0
rect_min_size = Vector2( 900, 10 )
theme = SubResource( 1 )
text = " Open/Close Menu"

[node name="SelectButton" type="Button" parent="Panel/ScrollContainer/VBoxContainer/GridContainer"]
margin_left = 904.0
margin_top = 360.0
margin_right = 1264.0
margin_bottom = 476.0
rect_min_size = Vector2( 360, 0 )
hint_tooltip = "Opens/Closes the overworld menu."
theme = SubResource( 7 )
text = "[None]"
flat = true

[node name="UpLabel" type="Label" parent="Panel/ScrollContainer/VBoxContainer/GridContainer"]
margin_top = 480.0
margin_right = 900.0
margin_bottom = 596.0
rect_min_size = Vector2( 900, 10 )
theme = SubResource( 1 )
text = " Up"

[node name="UpButton" type="Button" parent="Panel/ScrollContainer/VBoxContainer/GridContainer"]
margin_left = 904.0
margin_top = 480.0
margin_right = 1264.0
margin_bottom = 596.0
rect_min_size = Vector2( 360, 0 )
hint_tooltip = "Move up in menus."
theme = SubResource( 7 )
text = "[None]"
flat = true

[node name="DownLabel" type="Label" parent="Panel/ScrollContainer/VBoxContainer/GridContainer"]
margin_top = 600.0
margin_right = 900.0
margin_bottom = 716.0
rect_min_size = Vector2( 900, 10 )
theme = SubResource( 1 )
text = " Down"

[node name="DownButton" type="Button" parent="Panel/ScrollContainer/VBoxContainer/GridContainer"]
margin_left = 904.0
margin_top = 600.0
margin_right = 1264.0
margin_bottom = 716.0
rect_min_size = Vector2( 360, 0 )
hint_tooltip = "Move down in menus."
theme = SubResource( 7 )
text = "[None]"
flat = true

[node name="LeftLabel" type="Label" parent="Panel/ScrollContainer/VBoxContainer/GridContainer"]
margin_top = 720.0
margin_right = 900.0
margin_bottom = 836.0
rect_min_size = Vector2( 900, 10 )
theme = SubResource( 1 )
text = " Left"

[node name="LeftButton" type="Button" parent="Panel/ScrollContainer/VBoxContainer/GridContainer"]
margin_left = 904.0
margin_top = 720.0
margin_right = 1264.0
margin_bottom = 836.0
rect_min_size = Vector2( 360, 0 )
hint_tooltip = "Move left in menus."
theme = SubResource( 7 )
text = "[None]"
flat = true

[node name="RightLabel" type="Label" parent="Panel/ScrollContainer/VBoxContainer/GridContainer"]
margin_top = 840.0
margin_right = 900.0
margin_bottom = 956.0
rect_min_size = Vector2( 900, 10 )
theme = SubResource( 1 )
text = " Right"

[node name="RightButton" type="Button" parent="Panel/ScrollContainer/VBoxContainer/GridContainer"]
margin_left = 904.0
margin_top = 840.0
margin_right = 1264.0
margin_bottom = 956.0
rect_min_size = Vector2( 360, 0 )
hint_tooltip = "Move right in menus."
theme = SubResource( 7 )
text = "[None]"
flat = true

[node name="FocusPreviousLabel" type="Label" parent="Panel/ScrollContainer/VBoxContainer/GridContainer"]
margin_top = 960.0
margin_right = 900.0
margin_bottom = 1076.0
rect_min_size = Vector2( 900, 10 )
theme = SubResource( 1 )
text = " Focus Previous"

[node name="FocusPreviousButton" type="Button" parent="Panel/ScrollContainer/VBoxContainer/GridContainer"]
margin_left = 904.0
margin_top = 960.0
margin_right = 1264.0
margin_bottom = 1076.0
rect_min_size = Vector2( 360, 0 )
hint_tooltip = "Move left in menus."
theme = SubResource( 7 )
text = "[None]"
flat = true

[node name="FocusNextLabel" type="Label" parent="Panel/ScrollContainer/VBoxContainer/GridContainer"]
margin_top = 1080.0
margin_right = 900.0
margin_bottom = 1196.0
rect_min_size = Vector2( 900, 10 )
theme = SubResource( 1 )
text = " Focus Next"

[node name="FocusNextButton" type="Button" parent="Panel/ScrollContainer/VBoxContainer/GridContainer"]
margin_left = 904.0
margin_top = 1080.0
margin_right = 1264.0
margin_bottom = 1196.0
rect_min_size = Vector2( 360, 0 )
hint_tooltip = "Move right in menus."
theme = SubResource( 7 )
text = "[None]"
flat = true

[node name="HelpLabel" type="Label" parent="Panel/ScrollContainer/VBoxContainer/GridContainer"]
margin_top = 1200.0
margin_right = 900.0
margin_bottom = 1316.0
rect_min_size = Vector2( 500, 10 )
theme = SubResource( 1 )
text = " Help"

[node name="HelpButton" type="Button" parent="Panel/ScrollContainer/VBoxContainer/GridContainer"]
margin_left = 904.0
margin_top = 1200.0
margin_right = 1264.0
margin_bottom = 1316.0
rect_min_size = Vector2( 360, 0 )
hint_tooltip = "Displays the Help menu."
theme = SubResource( 7 )
text = "[None]"
flat = true

[node name="OverworldLabel" type="GridContainer" parent="Panel/ScrollContainer/VBoxContainer"]
margin_top = 1650.0
margin_right = 1389.0
margin_bottom = 1746.0
columns = 2

[node name="TextureRect" type="TextureRect" parent="Panel/ScrollContainer/VBoxContainer/OverworldLabel"]
margin_right = 96.0
margin_bottom = 96.0
texture = ExtResource( 12 )
__meta__ = {
"_edit_use_anchors_": false
}

[node name="Label" type="Label" parent="Panel/ScrollContainer/VBoxContainer/OverworldLabel"]
margin_left = 100.0
margin_right = 1100.0
margin_bottom = 96.0
rect_min_size = Vector2( 1000, 0 )
theme = ExtResource( 2 )
text = " Overworld"

[node name="GridContainer2" type="GridContainer" parent="Panel/ScrollContainer/VBoxContainer"]
margin_top = 1750.0
margin_right = 1389.0
margin_bottom = 2586.0
rect_min_size = Vector2( 1150, 0 )
focus_mode = 2
columns = 2
__meta__ = {
"_edit_use_anchors_": false
}

[node name="InteractLabel" type="Label" parent="Panel/ScrollContainer/VBoxContainer/GridContainer2"]
margin_right = 900.0
margin_bottom = 116.0
rect_min_size = Vector2( 900, 10 )
theme = SubResource( 1 )
text = " Interact"

[node name="InteractButton" type="Button" parent="Panel/ScrollContainer/VBoxContainer/GridContainer2"]
margin_left = 904.0
margin_right = 1264.0
margin_bottom = 116.0
rect_min_size = Vector2( 360, 0 )
hint_tooltip = "Interact with NPCs, objects ect."
theme = SubResource( 7 )
text = "[None]"
flat = true

[node name="RunLabel" type="Label" parent="Panel/ScrollContainer/VBoxContainer/GridContainer2"]
margin_top = 120.0
margin_right = 900.0
margin_bottom = 236.0
rect_min_size = Vector2( 900, 10 )
theme = SubResource( 1 )
text = " Run"

[node name="RunButton" type="Button" parent="Panel/ScrollContainer/VBoxContainer/GridContainer2"]
margin_left = 904.0
margin_top = 120.0
margin_right = 1264.0
margin_bottom = 236.0
rect_min_size = Vector2( 360, 0 )
hint_tooltip = "Hold this button down to run."
theme = SubResource( 7 )
text = "[None]"
flat = true

[node name="RunToggleLabel" type="Label" parent="Panel/ScrollContainer/VBoxContainer/GridContainer2"]
margin_top = 240.0
margin_right = 900.0
margin_bottom = 356.0
rect_min_size = Vector2( 900, 10 )
theme = SubResource( 1 )
text = " Run Toggle"

[node name="RunToggleButton" type="Button" parent="Panel/ScrollContainer/VBoxContainer/GridContainer2"]
margin_left = 904.0
margin_top = 240.0
margin_right = 1264.0
margin_bottom = 356.0
rect_min_size = Vector2( 360, 0 )
hint_tooltip = "Toggles automatically running or walking when moving with keys."
theme = SubResource( 7 )
text = "[None]"
flat = true

[node name="UpLabel" type="Label" parent="Panel/ScrollContainer/VBoxContainer/GridContainer2"]
margin_top = 360.0
margin_right = 900.0
margin_bottom = 476.0
rect_min_size = Vector2( 900, 10 )
theme = SubResource( 1 )
text = " Move Up"

[node name="MoveUpButton" type="Button" parent="Panel/ScrollContainer/VBoxContainer/GridContainer2"]
margin_left = 904.0
margin_top = 360.0
margin_right = 1264.0
margin_bottom = 476.0
rect_min_size = Vector2( 360, 0 )
hint_tooltip = "Moves the character forward."
theme = SubResource( 7 )
text = "[None]"
flat = true

[node name="DownLabel" type="Label" parent="Panel/ScrollContainer/VBoxContainer/GridContainer2"]
margin_top = 480.0
margin_right = 900.0
margin_bottom = 596.0
rect_min_size = Vector2( 900, 10 )
theme = SubResource( 1 )
text = " Move Down"

[node name="MoveDownButton" type="Button" parent="Panel/ScrollContainer/VBoxContainer/GridContainer2"]
margin_left = 904.0
margin_top = 480.0
margin_right = 1264.0
margin_bottom = 596.0
rect_min_size = Vector2( 360, 0 )
hint_tooltip = "Moves the character backward."
theme = SubResource( 7 )
text = "[None]"
flat = true

[node name="LeftLabel" type="Label" parent="Panel/ScrollContainer/VBoxContainer/GridContainer2"]
margin_top = 600.0
margin_right = 900.0
margin_bottom = 716.0
rect_min_size = Vector2( 900, 10 )
theme = SubResource( 1 )
text = " Move Left"

[node name="MoveLeftButton" type="Button" parent="Panel/ScrollContainer/VBoxContainer/GridContainer2"]
margin_left = 904.0
margin_top = 600.0
margin_right = 1264.0
margin_bottom = 716.0
rect_min_size = Vector2( 360, 0 )
hint_tooltip = "Moves the character to the left."
theme = SubResource( 7 )
text = "[None]"
flat = true

[node name="RightLabel" type="Label" parent="Panel/ScrollContainer/VBoxContainer/GridContainer2"]
margin_top = 720.0
margin_right = 900.0
margin_bottom = 836.0
rect_min_size = Vector2( 900, 10 )
theme = SubResource( 1 )
text = " Move Right"

[node name="MoveRightButton" type="Button" parent="Panel/ScrollContainer/VBoxContainer/GridContainer2"]
margin_left = 904.0
margin_top = 720.0
margin_right = 1264.0
margin_bottom = 836.0
rect_min_size = Vector2( 360, 0 )
hint_tooltip = "Moves the character to the right."
theme = SubResource( 7 )
text = "[None]"
flat = true

[node name="AccessibilityLabel" type="GridContainer" parent="Panel/ScrollContainer/VBoxContainer"]
margin_top = 2590.0
margin_right = 1389.0
margin_bottom = 2686.0
columns = 2

[node name="TextureRect" type="TextureRect" parent="Panel/ScrollContainer/VBoxContainer/AccessibilityLabel"]
margin_right = 96.0
margin_bottom = 96.0
texture = ExtResource( 11 )
__meta__ = {
"_edit_use_anchors_": false
}

[node name="Label" type="Label" parent="Panel/ScrollContainer/VBoxContainer/AccessibilityLabel"]
margin_left = 100.0
margin_right = 1100.0
margin_bottom = 96.0
rect_min_size = Vector2( 1000, 0 )
theme = ExtResource( 2 )
text = " Accessibility"

[node name="GridContainer3" type="GridContainer" parent="Panel/ScrollContainer/VBoxContainer"]
margin_top = 2690.0
margin_right = 1389.0
margin_bottom = 3286.0
rect_min_size = Vector2( 1150, 0 )
focus_mode = 2
columns = 2
__meta__ = {
"_edit_use_anchors_": false
}

[node name="TTSStopLabel" type="Label" parent="Panel/ScrollContainer/VBoxContainer/GridContainer3"]
margin_right = 900.0
margin_bottom = 116.0
rect_min_size = Vector2( 900, 10 )
theme = SubResource( 1 )
text = " TTS Stop"

[node name="TTSStopButton" type="Button" parent="Panel/ScrollContainer/VBoxContainer/GridContainer3"]
margin_left = 904.0
margin_right = 1264.0
margin_bottom = 116.0
rect_min_size = Vector2( 360, 0 )
hint_tooltip = "Stops speaking."
theme = SubResource( 7 )
text = "[None]"
flat = true

[node name="TTSRepeatLabel" type="Label" parent="Panel/ScrollContainer/VBoxContainer/GridContainer3"]
margin_top = 120.0
margin_right = 900.0
margin_bottom = 236.0
rect_min_size = Vector2( 900, 10 )
theme = SubResource( 1 )
text = " TTS Repeat"

[node name="TTSRepeatButton" type="Button" parent="Panel/ScrollContainer/VBoxContainer/GridContainer3"]
margin_left = 904.0
margin_top = 120.0
margin_right = 1264.0
margin_bottom = 236.0
rect_min_size = Vector2( 360, 0 )
hint_tooltip = "Repeats the last spoken text."
theme = SubResource( 7 )
text = "[None]"
flat = true

[node name="TTSHintLabel" type="Label" parent="Panel/ScrollContainer/VBoxContainer/GridContainer3"]
margin_top = 240.0
margin_right = 900.0
margin_bottom = 356.0
rect_min_size = Vector2( 900, 10 )
theme = SubResource( 1 )
text = " Hint"

[node name="TTSHintButton" type="Button" parent="Panel/ScrollContainer/VBoxContainer/GridContainer3"]
margin_left = 904.0
margin_top = 240.0
margin_right = 1264.0
margin_bottom = 356.0
rect_min_size = Vector2( 360, 0 )
hint_tooltip = "Reads the hint of the focused UI control."
theme = SubResource( 7 )
text = "[None]"
flat = true

[node name="TTSCoordinatesLabel" type="Label" parent="Panel/ScrollContainer/VBoxContainer/GridContainer3"]
margin_top = 360.0
margin_right = 900.0
margin_bottom = 476.0
rect_min_size = Vector2( 900, 10 )
theme = SubResource( 1 )
text = " Read Coordinates"

[node name="TTSCoordinatesButton" type="Button" parent="Panel/ScrollContainer/VBoxContainer/GridContainer3"]
margin_left = 904.0
margin_top = 360.0
margin_right = 1264.0
margin_bottom = 476.0
rect_min_size = Vector2( 360, 0 )
hint_tooltip = "Reads the character's coordinates."
theme = SubResource( 7 )
text = "[None]"
flat = true

[node name="TTSReadLabel" type="Label" parent="Panel/ScrollContainer/VBoxContainer/GridContainer3"]
margin_top = 480.0
margin_right = 900.0
margin_bottom = 596.0
rect_min_size = Vector2( 900, 10 )
theme = SubResource( 1 )
text = " Seen Object"

[node name="TTSReadButton" type="Button" parent="Panel/ScrollContainer/VBoxContainer/GridContainer3"]
margin_left = 904.0
margin_top = 480.0
margin_right = 1264.0
margin_bottom = 596.0
rect_min_size = Vector2( 360, 0 )
hint_tooltip = "Reads the object in front of the character's line of sight."
theme = SubResource( 7 )
text = "[None]"
flat = true

[node name="ZoomLabel" type="GridContainer" parent="Panel/ScrollContainer/VBoxContainer"]
margin_top = 3290.0
margin_right = 1389.0
margin_bottom = 3386.0
columns = 2

[node name="TextureRect" type="TextureRect" parent="Panel/ScrollContainer/VBoxContainer/ZoomLabel"]
margin_right = 96.0
margin_bottom = 96.0
texture = ExtResource( 14 )
__meta__ = {
"_edit_use_anchors_": false
}

[node name="Label" type="Label" parent="Panel/ScrollContainer/VBoxContainer/ZoomLabel"]
margin_left = 100.0
margin_right = 1100.0
margin_bottom = 96.0
rect_min_size = Vector2( 1000, 0 )
theme = ExtResource( 2 )
text = " Magnifier"

[node name="GridContainer4" type="GridContainer" parent="Panel/ScrollContainer/VBoxContainer"]
margin_top = 3390.0
margin_right = 1389.0
margin_bottom = 3516.0
rect_min_size = Vector2( 1150, 0 )
focus_mode = 2
columns = 2
__meta__ = {
"_edit_use_anchors_": false
}

[node name="ZoomControlLabel" type="Label" parent="Panel/ScrollContainer/VBoxContainer/GridContainer4"]
margin_right = 1025.0
margin_bottom = 126.0
rect_min_size = Vector2( 1025, 10 )
theme = SubResource( 10 )
text = " Zoom Control"

[node name="ZoomControlButton" type="Button" parent="Panel/ScrollContainer/VBoxContainer/GridContainer4"]
margin_left = 1029.0
margin_right = 1389.0
margin_bottom = 126.0
rect_min_size = Vector2( 360, 0 )
hint_tooltip = "Changes magnifier mode
(zoom or pan)"
theme = SubResource( 16 )
text = "[None]"
flat = true

[node name="OKButton" type="Button" parent="Panel"]
self_modulate = Color( 0.917647, 0.917647, 0.917647, 1 )
margin_left = 511.354
margin_top = 708.368
margin_right = 813.62
margin_bottom = 872.866
text = "OK!"
__meta__ = {
"_edit_use_anchors_": false
}

[node name="CancelButton" type="Button" parent="Panel"]
self_modulate = Color( 0.792157, 0.792157, 0.792157, 1 )
margin_left = 905.328
margin_top = 712.858
margin_right = 1327.59
margin_bottom = 877.356
text = "Cancel"
__meta__ = {
"_edit_use_anchors_": false
}

[node name="Control" parent="Panel" instance=ExtResource( 15 )]
margin_left = 1466.0
margin_top = 17.4492
margin_right = -34.0
margin_bottom = -932.551
script = ExtResource( 16 )

[node name="AnimationPlayer" type="AnimationPlayer" parent="."]
anims/Load = SubResource( 8 )
anims/Unload = SubResource( 9 )

[node name="Confirm" type="AudioStreamPlayer" parent="."]
stream = ExtResource( 6 )
bus = "SoundEffect"

[node name="Cancel" type="AudioStreamPlayer" parent="."]
stream = ExtResource( 8 )
bus = "SoundEffect"

[node name="Open" type="AudioStreamPlayer" parent="."]
stream = ExtResource( 9 )
bus = "SoundEffect"

[connection signal="pressed" from="Panel/ScrollContainer/VBoxContainer/AxisGrid/AxisReverseChkbox" to="Panel" method="_on_AxisReverseChkbox_pressed"]
[connection signal="focus_entered" from="Panel/ScrollContainer/VBoxContainer/GridContainer/AcceptButton" to="Panel" method="_on_AcceptButton_focus_entered"]
[connection signal="pressed" from="Panel/ScrollContainer/VBoxContainer/GridContainer/AcceptButton" to="Panel" method="_on_AcceptButton_pressed"]
[connection signal="focus_entered" from="Panel/ScrollContainer/VBoxContainer/GridContainer/SelectButton2" to="Panel" method="_on_AcceptButton_focus_entered"]
[connection signal="pressed" from="Panel/ScrollContainer/VBoxContainer/GridContainer/SelectButton2" to="Panel" method="_on_SelectButton2_pressed"]
[connection signal="pressed" from="Panel/ScrollContainer/VBoxContainer/GridContainer/CancelnputButton" to="Panel" method="_on_CancelnputButton_pressed"]
[connection signal="pressed" from="Panel/ScrollContainer/VBoxContainer/GridContainer/SelectButton" to="Panel" method="_on_SelectButton_pressed"]
[connection signal="pressed" from="Panel/ScrollContainer/VBoxContainer/GridContainer/UpButton" to="Panel" method="_on_UpButton_pressed"]
[connection signal="pressed" from="Panel/ScrollContainer/VBoxContainer/GridContainer/DownButton" to="Panel" method="_on_DownButton_pressed"]
[connection signal="pressed" from="Panel/ScrollContainer/VBoxContainer/GridContainer/LeftButton" to="Panel" method="_on_LeftButton_pressed"]
[connection signal="pressed" from="Panel/ScrollContainer/VBoxContainer/GridContainer/RightButton" to="Panel" method="_on_RightButton_pressed"]
[connection signal="pressed" from="Panel/ScrollContainer/VBoxContainer/GridContainer/FocusPreviousButton" to="Panel" method="_on_FocusPreviousButton_pressed"]
[connection signal="pressed" from="Panel/ScrollContainer/VBoxContainer/GridContainer/FocusNextButton" to="Panel" method="_on_FocusNextButton_pressed"]
[connection signal="pressed" from="Panel/ScrollContainer/VBoxContainer/GridContainer/HelpButton" to="Panel" method="_on_HelpButton_pressed"]
[connection signal="pressed" from="Panel/ScrollContainer/VBoxContainer/GridContainer2/InteractButton" to="Panel" method="_on_InteractButton_pressed"]
[connection signal="pressed" from="Panel/ScrollContainer/VBoxContainer/GridContainer2/RunButton" to="Panel" method="_on_RunButton_pressed"]
[connection signal="pressed" from="Panel/ScrollContainer/VBoxContainer/GridContainer2/RunToggleButton" to="Panel" method="_on_RunToggleButton_pressed"]
[connection signal="pressed" from="Panel/ScrollContainer/VBoxContainer/GridContainer2/MoveUpButton" to="Panel" method="_on_MoveUpButton_pressed"]
[connection signal="pressed" from="Panel/ScrollContainer/VBoxContainer/GridContainer2/MoveDownButton" to="Panel" method="_on_MoveDownButton_pressed"]
[connection signal="pressed" from="Panel/ScrollContainer/VBoxContainer/GridContainer2/MoveLeftButton" to="Panel" method="_on_MoveLeftButton_pressed"]
[connection signal="pressed" from="Panel/ScrollContainer/VBoxContainer/GridContainer2/MoveRightButton" to="Panel" method="_on_MoveRightButton_pressed"]
[connection signal="pressed" from="Panel/ScrollContainer/VBoxContainer/GridContainer3/TTSStopButton" to="Panel" method="_on_TTSStopButton_pressed"]
[connection signal="pressed" from="Panel/ScrollContainer/VBoxContainer/GridContainer3/TTSRepeatButton" to="Panel" method="_on_TTSRepeatButton_pressed"]
[connection signal="pressed" from="Panel/ScrollContainer/VBoxContainer/GridContainer3/TTSHintButton" to="Panel" method="_on_TTSHintButton_pressed"]
[connection signal="pressed" from="Panel/ScrollContainer/VBoxContainer/GridContainer3/TTSCoordinatesButton" to="Panel" method="_on_TTSCoordinatesButton_pressed"]
[connection signal="pressed" from="Panel/ScrollContainer/VBoxContainer/GridContainer3/TTSReadButton" to="Panel" method="_on_TTSReadButton_pressed"]
[connection signal="pressed" from="Panel/ScrollContainer/VBoxContainer/GridContainer4/ZoomControlButton" to="Panel" method="_on_ZoomControlButton_pressed"]
[connection signal="pressed" from="Panel/OKButton" to="Panel" method="_on_OKButton_pressed"]
[connection signal="pressed" from="Panel/CancelButton" to="Panel" method="_on_CancelButton_pressed"]
[connection signal="animation_finished" from="AnimationPlayer" to="Panel" method="_on_AnimationPlayer_animation_finished"]
