[gd_scene load_steps=18 format=2]

[ext_resource path="res://font/OPENDYSLEXIC-BOLD.OTF" type="DynamicFontData" id=1]
[ext_resource path="res://texture/cardart/spr_card_aristotle.png" type="Texture" id=2]
[ext_resource path="res://texture/UI/card/deck.png" type="Texture" id=3]
[ext_resource path="res://Scene/card/Deck.gd" type="Script" id=4]

[sub_resource type="DynamicFont" id=5]
size = 60
outline_size = 2
outline_color = Color( 0.317647, 0.317647, 0.317647, 0.717647 )
use_filter = true
extra_spacing_top = -93
font_data = ExtResource( 1 )

[sub_resource type="Theme" id=4]
Label/fonts/font = SubResource( 5 )

[sub_resource type="DynamicFont" id=1]
size = 36
outline_size = 2
outline_color = Color( 0.25098, 0.25098, 0.25098, 1 )
use_filter = true
font_data = ExtResource( 1 )

[sub_resource type="Theme" id=6]
default_font = SubResource( 1 )

[sub_resource type="Animation" id=13]
length = 0.001
tracks/0/type = "bezier"
tracks/0/path = NodePath("Control:rect_position:y")
tracks/0/interp = 1
tracks/0/loop_wrap = true
tracks/0/imported = false
tracks/0/enabled = true
tracks/0/keys = {
"points": PoolRealArray( 0, -0.25, 0, 0.25, 0 ),
"times": PoolRealArray( 0 )
}
tracks/1/type = "bezier"
tracks/1/path = NodePath(".:modulate:r")
tracks/1/interp = 1
tracks/1/loop_wrap = true
tracks/1/imported = false
tracks/1/enabled = true
tracks/1/keys = {
"points": PoolRealArray( 1, -0.25, 0, 0.25, 0 ),
"times": PoolRealArray( 0 )
}
tracks/2/type = "bezier"
tracks/2/path = NodePath(".:modulate:g")
tracks/2/interp = 1
tracks/2/loop_wrap = true
tracks/2/imported = false
tracks/2/enabled = true
tracks/2/keys = {
"points": PoolRealArray( 1, -0.25, 0, 0.25, 0 ),
"times": PoolRealArray( 0 )
}
tracks/3/type = "bezier"
tracks/3/path = NodePath(".:modulate:b")
tracks/3/interp = 1
tracks/3/loop_wrap = true
tracks/3/imported = false
tracks/3/enabled = true
tracks/3/keys = {
"points": PoolRealArray( 1, -0.25, 0, 0.25, 0 ),
"times": PoolRealArray( 0 )
}
tracks/4/type = "bezier"
tracks/4/path = NodePath(".:modulate:a")
tracks/4/interp = 1
tracks/4/loop_wrap = true
tracks/4/imported = false
tracks/4/enabled = true
tracks/4/keys = {
"points": PoolRealArray( 1, -0.25, 0, 0.25, 0 ),
"times": PoolRealArray( 0 )
}

[sub_resource type="Animation" id=15]
resource_name = "nope"
length = 0.3
tracks/0/type = "bezier"
tracks/0/path = NodePath(".:modulate:r")
tracks/0/interp = 1
tracks/0/loop_wrap = true
tracks/0/imported = false
tracks/0/enabled = true
tracks/0/keys = {
"points": PoolRealArray( 1, -0.25, 0, 0.25, 0, 1, -0.25, 0, 0.25, 0 ),
"times": PoolRealArray( 0, 0.3 )
}
tracks/1/type = "bezier"
tracks/1/path = NodePath(".:modulate:g")
tracks/1/interp = 1
tracks/1/loop_wrap = true
tracks/1/imported = false
tracks/1/enabled = true
tracks/1/keys = {
"points": PoolRealArray( 1, -0.25, 0, 0.25, 0, 1, -0.25, 0, 0.25, 0 ),
"times": PoolRealArray( 0, 0.3 )
}
tracks/2/type = "bezier"
tracks/2/path = NodePath(".:modulate:b")
tracks/2/interp = 1
tracks/2/loop_wrap = true
tracks/2/imported = false
tracks/2/enabled = true
tracks/2/keys = {
"points": PoolRealArray( 1, -0.25, 0, 0.25, 0, 1, -0.25, 0, 0.25, 0 ),
"times": PoolRealArray( 0, 0.3 )
}
tracks/3/type = "bezier"
tracks/3/path = NodePath(".:modulate:a")
tracks/3/interp = 1
tracks/3/loop_wrap = true
tracks/3/imported = false
tracks/3/enabled = true
tracks/3/keys = {
"points": PoolRealArray( 1, -0.25, 0, 0.25, 0, 0, -0.25, 0, 0.25, 0 ),
"times": PoolRealArray( 0, 0.3 )
}
tracks/4/type = "bezier"
tracks/4/path = NodePath(".:rect_position:y")
tracks/4/interp = 1
tracks/4/loop_wrap = true
tracks/4/imported = false
tracks/4/enabled = true
tracks/4/keys = {
"points": PoolRealArray( 0, -0.25, 0, 0.25, 0, 400, -0.25, 0, 0.25, 0 ),
"times": PoolRealArray( 0, 1 )
}

[sub_resource type="Animation" id=14]
resource_name = "selected"
length = 2.0
loop = true
tracks/0/type = "bezier"
tracks/0/path = NodePath("Control:rect_position:y")
tracks/0/interp = 1
tracks/0/loop_wrap = true
tracks/0/imported = false
tracks/0/enabled = true
tracks/0/keys = {
"points": PoolRealArray( 0, -0.25, 0, 0.25, 0, 40, -0.25, 0, 0.25, 0, 0, -0.25, 0, 0.25, 0 ),
"times": PoolRealArray( 0, 1, 2 )
}
tracks/1/type = "bezier"
tracks/1/path = NodePath(".:modulate:r")
tracks/1/interp = 1
tracks/1/loop_wrap = true
tracks/1/imported = false
tracks/1/enabled = true
tracks/1/keys = {
"points": PoolRealArray( 1, -0.25, 0, 0.25, 0, 0.721569, -0.25, 0, 0.25, 0, 1, -0.25, 0, 0.25, 0 ),
"times": PoolRealArray( 0, 1, 2 )
}
tracks/2/type = "bezier"
tracks/2/path = NodePath(".:modulate:g")
tracks/2/interp = 1
tracks/2/loop_wrap = true
tracks/2/imported = false
tracks/2/enabled = true
tracks/2/keys = {
"points": PoolRealArray( 1, -0.25, 0, 0.25, 0, 0.721569, -0.25, 0, 0.25, 0, 1, -0.25, 0, 0.25, 0 ),
"times": PoolRealArray( 0, 1, 2 )
}
tracks/3/type = "bezier"
tracks/3/path = NodePath(".:modulate:b")
tracks/3/interp = 1
tracks/3/loop_wrap = true
tracks/3/imported = false
tracks/3/enabled = true
tracks/3/keys = {
"points": PoolRealArray( 1, -0.25, 0, 0.25, 0, 0.721569, -0.25, 0, 0.25, 0, 1, -0.25, 0, 0.25, 0 ),
"times": PoolRealArray( 0, 1, 2 )
}
tracks/4/type = "bezier"
tracks/4/path = NodePath(".:modulate:a")
tracks/4/interp = 1
tracks/4/loop_wrap = true
tracks/4/imported = false
tracks/4/enabled = true
tracks/4/keys = {
"points": PoolRealArray( 1, -0.25, 0, 0.25, 0, 1, -0.25, 0, 0.25, 0, 1, -0.25, 0, 0.25, 0 ),
"times": PoolRealArray( 0, 1, 2 )
}

[sub_resource type="StyleBoxEmpty" id=7]

[sub_resource type="StyleBoxEmpty" id=8]

[sub_resource type="StyleBoxEmpty" id=9]

[sub_resource type="StyleBoxEmpty" id=10]

[sub_resource type="StyleBoxEmpty" id=11]

[sub_resource type="Theme" id=12]
Button/styles/disabled = SubResource( 7 )
Button/styles/focus = SubResource( 8 )
Button/styles/hover = SubResource( 9 )
Button/styles/normal = SubResource( 10 )
Button/styles/pressed = SubResource( 11 )

[node name="Node2D" type="Control"]
script = ExtResource( 4 )
__meta__ = {
"_edit_use_anchors_": false
}

[node name="Control" type="Control" parent="."]
margin_right = 40.0
margin_bottom = 40.0001
__meta__ = {
"_edit_use_anchors_": false
}

[node name="CardArt" type="Sprite" parent="Control"]
position = Vector2( 267, 213 )
scale = Vector2( 0.884746, 0.916867 )
texture = ExtResource( 2 )

[node name="Deck" type="Sprite" parent="Control"]
position = Vector2( 260, 389 )
texture = ExtResource( 3 )

[node name="Name" type="Label" parent="Control/Deck"]
margin_left = -743.0
margin_top = 66.0
margin_right = 749.001
margin_bottom = 343.0
theme = SubResource( 4 )
text = "NameNamena"
align = 1
__meta__ = {
"_edit_use_anchors_": false
}

[node name="Subtitle" type="Label" parent="Control/Deck"]
margin_left = -196.0
margin_top = 71.0
margin_right = 204.0
margin_bottom = 371.0
theme = SubResource( 6 )
text = "+1/+3"
align = 1
autowrap = true
clip_text = true
__meta__ = {
"_edit_use_anchors_": false
}

[node name="AnimationPlayer" type="AnimationPlayer" parent="."]
anims/RESET = SubResource( 13 )
anims/nope = SubResource( 15 )
anims/selected = SubResource( 14 )

[node name="Tween" type="Tween" parent="."]

[node name="Button" type="Button" parent="."]
margin_right = 512.0
margin_bottom = 780.0
theme = SubResource( 12 )
flat = true
__meta__ = {
"_edit_use_anchors_": false
}

[connection signal="focus_entered" from="Button" to="." method="_on_Button_focus_entered"]
[connection signal="mouse_entered" from="Button" to="." method="_on_Button_mouse_entered"]
[connection signal="pressed" from="Button" to="." method="_on_Button_pressed"]
