[gd_scene load_steps=24 format=2]

[ext_resource path="res://font/OPENDYSLEXIC-BOLD.OTF" type="DynamicFontData" id=1]
[ext_resource path="res://texture/particle1.png" type="Texture" id=2]
[ext_resource path="res://texture/grass_intro.png" type="Texture" id=3]
[ext_resource path="res://texture/LightMainMenu.png" type="Texture" id=4]
[ext_resource path="res://map/menu/MainMenu.gd" type="Script" id=5]
[ext_resource path="res://texture/cardart/spr_card_archimedes.png" type="Texture" id=6]
[ext_resource path="res://font/OPENDYSLEXIC-ITALIC.OTF" type="DynamicFontData" id=7]

[sub_resource type="Theme" id=1]
GridContainer/constants/vseparation = -35

[sub_resource type="Gradient" id=9]
offsets = PoolRealArray( 0, 0.519337, 1 )
colors = PoolColorArray( 1, 1, 1, 0, 1, 1, 1, 1, 1, 1, 1, 0 )

[sub_resource type="DynamicFont" id=2]
size = 86
outline_size = 5
outline_color = Color( 0, 0, 0, 0.321569 )
use_filter = true
font_data = ExtResource( 1 )

[sub_resource type="StyleBoxEmpty" id=4]

[sub_resource type="StyleBoxEmpty" id=5]

[sub_resource type="StyleBoxEmpty" id=6]

[sub_resource type="StyleBoxEmpty" id=7]

[sub_resource type="StyleBoxEmpty" id=8]

[sub_resource type="Theme" id=3]
Button/colors/font_color = Color( 0.435294, 0.435294, 0.435294, 1 )
Button/colors/font_color_focus = Color( 1, 1, 1, 1 )
Button/colors/font_color_hover = Color( 1, 1, 1, 1 )
Button/colors/font_color_pressed = Color( 1, 1, 1, 1 )
Button/fonts/font = SubResource( 2 )
Button/styles/disabled = SubResource( 4 )
Button/styles/focus = SubResource( 5 )
Button/styles/hover = SubResource( 6 )
Button/styles/normal = SubResource( 7 )
Button/styles/pressed = SubResource( 8 )

[sub_resource type="Animation" id=10]
resource_name = "FadeIn"
length = 0.5
tracks/0/type = "value"
tracks/0/path = NodePath(".:modulate")
tracks/0/interp = 1
tracks/0/loop_wrap = true
tracks/0/imported = false
tracks/0/enabled = true
tracks/0/keys = {
"times": PoolRealArray( 0, 0.5 ),
"transitions": PoolRealArray( 1, 1 ),
"update": 0,
"values": [ Color( 1, 1, 1, 0 ), Color( 1, 1, 1, 1 ) ]
}
tracks/1/type = "value"
tracks/1/path = NodePath("GridContainer:modulate")
tracks/1/interp = 1
tracks/1/loop_wrap = true
tracks/1/imported = false
tracks/1/enabled = true
tracks/1/keys = {
"times": PoolRealArray( 0, 0.5 ),
"transitions": PoolRealArray( 1, 1 ),
"update": 0,
"values": [ Color( 1, 1, 1, 0 ), Color( 1, 1, 1, 1 ) ]
}
tracks/2/type = "value"
tracks/2/path = NodePath("SprCardArchimedes:modulate")
tracks/2/interp = 1
tracks/2/loop_wrap = true
tracks/2/imported = false
tracks/2/enabled = true
tracks/2/keys = {
"times": PoolRealArray( 0 ),
"transitions": PoolRealArray( 1 ),
"update": 0,
"values": [ Color( 1, 1, 1, 0 ) ]
}

[sub_resource type="Animation" id=11]
resource_name = "FadeOut"
length = 0.5
tracks/0/type = "value"
tracks/0/path = NodePath(".:modulate")
tracks/0/interp = 1
tracks/0/loop_wrap = true
tracks/0/imported = false
tracks/0/enabled = true
tracks/0/keys = {
"times": PoolRealArray( 0, 0.5 ),
"transitions": PoolRealArray( 1, 1 ),
"update": 0,
"values": [ Color( 1, 1, 1, 1 ), Color( 1, 1, 1, 0 ) ]
}

[sub_resource type="Animation" id=16]
resource_name = "FadeOutCredits"
length = 0.5
tracks/0/type = "value"
tracks/0/path = NodePath("GridContainer:modulate")
tracks/0/interp = 1
tracks/0/loop_wrap = true
tracks/0/imported = false
tracks/0/enabled = true
tracks/0/keys = {
"times": PoolRealArray( 0, 0.5 ),
"transitions": PoolRealArray( 1, 1 ),
"update": 0,
"values": [ Color( 1, 1, 1, 1 ), Color( 1, 1, 1, 0 ) ]
}
tracks/1/type = "value"
tracks/1/path = NodePath("SprCardArchimedes:modulate")
tracks/1/interp = 1
tracks/1/loop_wrap = true
tracks/1/imported = false
tracks/1/enabled = true
tracks/1/keys = {
"times": PoolRealArray( 0, 0.5 ),
"transitions": PoolRealArray( 1, 1 ),
"update": 0,
"values": [ Color( 1, 1, 1, 1 ), Color( 1, 1, 1, 0 ) ]
}

[sub_resource type="Animation" id=13]
resource_name = "Idle"
length = 5.0
loop = true
tracks/0/type = "value"
tracks/0/path = NodePath("SprCardArchimedes:modulate")
tracks/0/interp = 1
tracks/0/loop_wrap = true
tracks/0/imported = false
tracks/0/enabled = true
tracks/0/keys = {
"times": PoolRealArray( 0, 0.5, 4.1, 4.6 ),
"transitions": PoolRealArray( 1, 1, 1, 1 ),
"update": 0,
"values": [ Color( 1, 1, 1, 0 ), Color( 1, 1, 1, 1 ), Color( 1, 1, 1, 1 ), Color( 1, 1, 1, 0 ) ]
}
tracks/1/type = "method"
tracks/1/path = NodePath(".")
tracks/1/interp = 1
tracks/1/loop_wrap = true
tracks/1/imported = false
tracks/1/enabled = true
tracks/1/keys = {
"times": PoolRealArray( 0 ),
"transitions": PoolRealArray( 1 ),
"values": [ {
"args": [  ],
"method": "updateTexture"
} ]
}

[sub_resource type="Animation" id=12]
length = 0.001
tracks/0/type = "value"
tracks/0/path = NodePath(".:modulate")
tracks/0/interp = 1
tracks/0/loop_wrap = true
tracks/0/imported = false
tracks/0/enabled = true
tracks/0/keys = {
"times": PoolRealArray( 0 ),
"transitions": PoolRealArray( 1 ),
"update": 0,
"values": [ Color( 1, 1, 1, 1 ) ]
}
tracks/1/type = "value"
tracks/1/path = NodePath("SprCardArchimedes:modulate")
tracks/1/interp = 1
tracks/1/loop_wrap = true
tracks/1/imported = false
tracks/1/enabled = true
tracks/1/keys = {
"times": PoolRealArray( 0 ),
"transitions": PoolRealArray( 1 ),
"update": 0,
"values": [ Color( 1, 1, 1, 0 ) ]
}
tracks/2/type = "value"
tracks/2/path = NodePath("GridContainer:modulate")
tracks/2/interp = 1
tracks/2/loop_wrap = true
tracks/2/imported = false
tracks/2/enabled = true
tracks/2/keys = {
"times": PoolRealArray( 0 ),
"transitions": PoolRealArray( 1 ),
"update": 0,
"values": [ Color( 1, 1, 1, 1 ) ]
}

[sub_resource type="DynamicFont" id=14]
size = 30
outline_size = 1
outline_color = Color( 0.317647, 0.317647, 0.317647, 0.717647 )
use_filter = true
extra_spacing_bottom = -15
font_data = ExtResource( 7 )

[sub_resource type="Theme" id=15]
Label/fonts/font = SubResource( 14 )

[node name="Control" type="Control"]
anchor_right = 1.0
anchor_bottom = 1.0
theme = SubResource( 1 )
script = ExtResource( 5 )
__meta__ = {
"_edit_use_anchors_": false
}

[node name="Screen" type="Control" parent="."]
mouse_filter = 1
__meta__ = {
"_edit_use_anchors_": false
}

[node name="Polygon2D" type="Polygon2D" parent="Screen"]
position = Vector2( -6.10352e-05, -6.10352e-05 )
color = Color( 0, 0, 0, 1 )
invert_border = 247.9
polygon = PoolVector2Array( -121, -55, -121, 1181, 2043, 1197, 2011, -115 )

[node name="Sprite2" type="Polygon2D" parent="Screen"]
position = Vector2( 932.875, 562.875 )
scale = Vector2( 3.9427, 2.75353 )
color = Color( 0.0588235, 0.0588235, 0.0588235, 1 )
texture = ExtResource( 3 )
polygon = PoolVector2Array( -246.754, -215.315, -251.573, 208.868, 264.571, 214.679, 270.912, -213.136 )
uv = PoolVector2Array( 8.82578, 16.1291, 5.59993, 419.355, 583.019, 422.581, 586.245, 9.67738 )

[node name="CPUParticles2D" type="CPUParticles2D" parent="Screen"]
position = Vector2( 930, 1024 )
scale = Vector2( 1.53835, 1.3758 )
amount = 200
lifetime = 6.49
preprocess = 104.59
texture = ExtResource( 2 )
emission_shape = 2
emission_rect_extents = Vector2( 500, 800 )
direction = Vector2( 0, -1 )
spread = 0.0
initial_velocity = 733.94
linear_accel = 5.5
radial_accel = 78.79
radial_accel_random = 0.85
tangential_accel = 53.21
tangential_accel_random = 0.61
scale_amount = 2.0
scale_amount_random = 1.0
color = Color( 0.203922, 0.203922, 0.203922, 1 )
color_ramp = SubResource( 9 )

[node name="GridContainer" type="GridContainer" parent="."]
margin_left = 124.0
margin_top = 54.0
margin_right = 821.0
margin_bottom = 901.0
theme = SubResource( 3 )
__meta__ = {
"_edit_use_anchors_": false
}

[node name="ContinueStory" type="Button" parent="GridContainer"]
margin_right = 697.0
margin_bottom = 151.0
focus_neighbour_top = NodePath("../Title Screen")
focus_neighbour_bottom = NodePath("../DeckViewer")
text = "Continue Story"

[node name="DeckViewer" type="Button" parent="GridContainer"]
margin_top = 116.0
margin_right = 697.0
margin_bottom = 267.0
focus_neighbour_top = NodePath("../ContinueStory")
focus_neighbour_bottom = NodePath("../Stats")
text = "Deck Viewer"

[node name="Stats" type="Button" parent="GridContainer"]
margin_top = 232.0
margin_right = 697.0
margin_bottom = 383.0
focus_neighbour_top = NodePath("../DeckViewer")
focus_neighbour_bottom = NodePath("../FreeDuel")
text = "Customize"

[node name="FreeDuel" type="Button" parent="GridContainer"]
margin_top = 348.0
margin_right = 697.0
margin_bottom = 499.0
focus_neighbour_top = NodePath("../Stats")
focus_neighbour_bottom = NodePath("../Options")
text = "Free Duel"

[node name="Options" type="Button" parent="GridContainer"]
margin_top = 464.0
margin_right = 697.0
margin_bottom = 615.0
focus_neighbour_top = NodePath("../FreeDuel")
focus_neighbour_bottom = NodePath("../Credits")
text = "Options"

[node name="Credits" type="Button" parent="GridContainer"]
margin_top = 580.0
margin_right = 697.0
margin_bottom = 731.0
focus_neighbour_top = NodePath("../Options")
focus_neighbour_bottom = NodePath("../Title Screen")
text = "Credits"

[node name="Title Screen" type="Button" parent="GridContainer"]
margin_top = 696.0
margin_right = 697.0
margin_bottom = 847.0
focus_neighbour_top = NodePath("../Credits")
focus_neighbour_bottom = NodePath("../ContinueStory")
text = "Title Screen"

[node name="AnimationPlayer" type="AnimationPlayer" parent="."]
anims/FadeIn = SubResource( 10 )
anims/FadeOut = SubResource( 11 )
anims/FadeOutCredits = SubResource( 16 )
anims/Idle = SubResource( 13 )
anims/RESET = SubResource( 12 )
next/FadeIn = "Idle"

[node name="SprCardArchimedes" type="Sprite" parent="."]
modulate = Color( 1, 1, 1, 0 )
light_mask = 512
position = Vector2( 1411, 429 )
scale = Vector2( 1.5, 1.5 )
texture = ExtResource( 6 )

[node name="Quote" type="Label" parent="SprCardArchimedes"]
margin_left = -244.667
margin_top = 196.0
margin_right = 255.333
margin_bottom = 448.0
theme = SubResource( 15 )
text = "\"The world is cool and I wanted to say hello to it!\" - Bob the Drag"
align = 1
autowrap = true
clip_text = true
__meta__ = {
"_edit_use_anchors_": false
}

[node name="Light2D" type="Light2D" parent="SprCardArchimedes"]
light_mask = 512
position = Vector2( 0.666565, -2.66669 )
scale = Vector2( 1.01609, 1.03724 )
texture = ExtResource( 4 )
mode = 3
range_item_cull_mask = 512

[connection signal="pressed" from="GridContainer/DeckViewer" to="." method="_on_DeckViewer_pressed"]
[connection signal="pressed" from="GridContainer/Stats" to="." method="_on_Stats_pressed"]
[connection signal="pressed" from="GridContainer/FreeDuel" to="." method="_on_FreeDuel_pressed"]
[connection signal="pressed" from="GridContainer/Options" to="." method="_on_Options_pressed"]
[connection signal="pressed" from="GridContainer/Credits" to="." method="_on_Credits_pressed"]
[connection signal="pressed" from="GridContainer/Title Screen" to="." method="_on_Title_Screen_pressed"]
[connection signal="animation_finished" from="AnimationPlayer" to="." method="_on_AnimationPlayer_animation_finished"]
