[gd_scene load_steps=86 format=2]

[ext_resource path="res://font/OPENDYSLEXIC-REGULAR.OTF" type="DynamicFontData" id=1]
[ext_resource path="res://font/OPENDYSLEXIC-BOLD.OTF" type="DynamicFontData" id=2]
[ext_resource path="res://texture/UI/textbox/textbox-bg.png" type="Texture" id=3]
[ext_resource path="res://texture/particle1.png" type="Texture" id=4]
[ext_resource path="res://texture/UI/textbox/butt.png" type="Texture" id=5]
[ext_resource path="res://texture/UI/textbox/slider_disabled.png" type="Texture" id=6]
[ext_resource path="res://texture/UI/textbox/slider.png" type="Texture" id=7]
[ext_resource path="res://texture/UI/textbox/slider_selected.png" type="Texture" id=8]
[ext_resource path="res://texture/UI/textbox/butt1.png" type="Texture" id=9]
[ext_resource path="res://Scene/UI/theme/MenuLoading.tres" type="StyleBox" id=10]
[ext_resource path="res://Scene/UI/theme/MenuPanel.tres" type="StyleBox" id=11]
[ext_resource path="res://Scene/UI/theme/SliderStyle.tres" type="StyleBox" id=12]
[ext_resource path="res://Scene/UI/theme/MenuButtonFocused.tres" type="StyleBox" id=13]
[ext_resource path="res://Scene/UI/theme/ItemBoxSelected.tres" type="StyleBox" id=14]
[ext_resource path="res://Scene/UI/theme/MenuButtonPressed.tres" type="StyleBox" id=15]
[ext_resource path="res://Scene/UI/theme/MenuTabPart.tres" type="StyleBox" id=16]
[ext_resource path="res://Scene/UI/theme/MenuTextEdit.tres" type="StyleBox" id=17]
[ext_resource path="res://Scene/UI/theme/MenuPopup.tres" type="StyleBox" id=18]
[ext_resource path="res://Scene/UI/theme/MenuButtonHover.tres" type="StyleBox" id=19]
[ext_resource path="res://Scene/UI/theme/MenuLineEdit.tres" type="StyleBox" id=20]
[ext_resource path="res://Scene/UI/theme/MenuTab.tres" type="StyleBox" id=21]
[ext_resource path="res://Scene/UI/theme/MenuButtonNormal.tres" type="StyleBox" id=22]
[ext_resource path="res://Scene/UI/theme/MenuButton.tres" type="StyleBox" id=23]
[ext_resource path="res://Scene/UI/theme/MenuFonte.tres" type="DynamicFont" id=24]
[ext_resource path="res://Scene/UI/theme/MenuFont.tres" type="DynamicFont" id=25]
[ext_resource path="res://texture/UI/textbox/unchecked.png" type="Texture" id=26]
[ext_resource path="res://texture/UI/textbox/msgbox.png" type="Texture" id=27]
[ext_resource path="res://texture/UI/textbox/pressButton_off.png" type="Texture" id=28]
[ext_resource path="res://texture/UI/textbox/pressButton_on.png" type="Texture" id=29]
[ext_resource path="res://texture/UI/textbox/checked.png" type="Texture" id=30]
[ext_resource path="res://texture/icons/close-128x128-1214342.png" type="Texture" id=31]
[ext_resource path="res://texture/icons/question-mark-96x96-2194193.png" type="Texture" id=32]
[ext_resource path="res://map/menu/freeduel/FreeDuel.gd" type="Script" id=33]
[ext_resource path="res://Scene/UI/theme/MenuTheme.tres" type="Theme" id=34]
[ext_resource path="res://texture/grass_intro.png" type="Texture" id=35]

[sub_resource type="Gradient" id=53]
offsets = PoolRealArray( 0, 0.519337, 1 )
colors = PoolColorArray( 1, 1, 1, 0, 1, 1, 1, 1, 1, 1, 1, 0 )

[sub_resource type="Animation" id=17]
resource_name = "Load"
length = 0.5
tracks/0/type = "bezier"
tracks/0/path = NodePath("CloseButton:modulate:a")
tracks/0/interp = 1
tracks/0/loop_wrap = true
tracks/0/imported = false
tracks/0/enabled = true
tracks/0/keys = {
"points": PoolRealArray( 0, -0.25, 0, 0.25, 0, 1, -0.25, 0, 0.25, 0 ),
"times": PoolRealArray( 0, 0.5 )
}
tracks/1/type = "value"
tracks/1/path = NodePath("Polygon2D:modulate")
tracks/1/interp = 1
tracks/1/loop_wrap = true
tracks/1/imported = false
tracks/1/enabled = true
tracks/1/keys = {
"times": PoolRealArray( 0, 0.5 ),
"transitions": PoolRealArray( 1, 1 ),
"update": 0,
"values": [ Color( 1, 1, 1, 0 ), Color( 1, 1, 1, 1 ) ]
}
tracks/2/type = "value"
tracks/2/path = NodePath("Screen:modulate")
tracks/2/interp = 1
tracks/2/loop_wrap = true
tracks/2/imported = false
tracks/2/enabled = true
tracks/2/keys = {
"times": PoolRealArray( 0, 0.5 ),
"transitions": PoolRealArray( 1, 1 ),
"update": 0,
"values": [ Color( 1, 1, 1, 0 ), Color( 1, 1, 1, 1 ) ]
}

[sub_resource type="Animation" id=18]
length = 0.001
tracks/0/type = "bezier"
tracks/0/path = NodePath("CloseButton:modulate:a")
tracks/0/interp = 1
tracks/0/loop_wrap = true
tracks/0/imported = false
tracks/0/enabled = true
tracks/0/keys = {
"points": PoolRealArray( 1, -0.25, 0, 0.25, 0 ),
"times": PoolRealArray( 0 )
}
tracks/1/type = "value"
tracks/1/path = NodePath("Polygon2D:modulate")
tracks/1/interp = 1
tracks/1/loop_wrap = true
tracks/1/imported = false
tracks/1/enabled = true
tracks/1/keys = {
"times": PoolRealArray( 0 ),
"transitions": PoolRealArray( 1 ),
"update": 0,
"values": [ Color( 1, 1, 1, 1 ) ]
}
tracks/2/type = "value"
tracks/2/path = NodePath("HelpButton:modulate")
tracks/2/interp = 1
tracks/2/loop_wrap = true
tracks/2/imported = false
tracks/2/enabled = true
tracks/2/keys = {
"times": PoolRealArray( 0 ),
"transitions": PoolRealArray( 1 ),
"update": 0,
"values": [ Color( 1, 1, 1, 1 ) ]
}
tracks/3/type = "value"
tracks/3/path = NodePath("Name:modulate")
tracks/3/interp = 1
tracks/3/loop_wrap = true
tracks/3/imported = false
tracks/3/enabled = true
tracks/3/keys = {
"times": PoolRealArray( 0 ),
"transitions": PoolRealArray( 1 ),
"update": 0,
"values": [ Color( 1, 1, 1, 1 ) ]
}
tracks/4/type = "value"
tracks/4/path = NodePath("Panel:modulate")
tracks/4/interp = 1
tracks/4/loop_wrap = true
tracks/4/imported = false
tracks/4/enabled = true
tracks/4/keys = {
"times": PoolRealArray( 0 ),
"transitions": PoolRealArray( 1 ),
"update": 0,
"values": [ Color( 1, 1, 1, 1 ) ]
}
tracks/5/type = "value"
tracks/5/path = NodePath("NextPhase:modulate")
tracks/5/interp = 1
tracks/5/loop_wrap = true
tracks/5/imported = false
tracks/5/enabled = true
tracks/5/keys = {
"times": PoolRealArray( 0 ),
"transitions": PoolRealArray( 1 ),
"update": 0,
"values": [ Color( 1, 1, 1, 1 ) ]
}
tracks/6/type = "value"
tracks/6/path = NodePath("Sprite:modulate")
tracks/6/interp = 1
tracks/6/loop_wrap = true
tracks/6/imported = false
tracks/6/enabled = true
tracks/6/keys = {
"times": PoolRealArray( 0 ),
"transitions": PoolRealArray( 1 ),
"update": 0,
"values": [ Color( 1, 1, 1, 1 ) ]
}
tracks/7/type = "value"
tracks/7/path = NodePath("Screen:modulate")
tracks/7/interp = 1
tracks/7/loop_wrap = true
tracks/7/imported = false
tracks/7/enabled = true
tracks/7/keys = {
"times": PoolRealArray( 0 ),
"transitions": PoolRealArray( 1 ),
"update": 0,
"values": [ Color( 1, 1, 1, 1 ) ]
}

[sub_resource type="Animation" id=19]
resource_name = "Unload"
length = 0.5
tracks/0/type = "bezier"
tracks/0/path = NodePath("CloseButton:modulate:a")
tracks/0/interp = 1
tracks/0/loop_wrap = true
tracks/0/imported = false
tracks/0/enabled = true
tracks/0/keys = {
"points": PoolRealArray( 1, -0.25, 0, 0.25, 0, 0, -0.25, 0, 0.25, 0 ),
"times": PoolRealArray( 0, 0.5 )
}
tracks/1/type = "value"
tracks/1/path = NodePath("Polygon2D:modulate")
tracks/1/interp = 1
tracks/1/loop_wrap = true
tracks/1/imported = false
tracks/1/enabled = true
tracks/1/keys = {
"times": PoolRealArray( 0, 0.5 ),
"transitions": PoolRealArray( 1, 1 ),
"update": 0,
"values": [ Color( 1, 1, 1, 1 ), Color( 1, 1, 1, 0 ) ]
}
tracks/2/type = "value"
tracks/2/path = NodePath("HelpButton:modulate")
tracks/2/interp = 1
tracks/2/loop_wrap = true
tracks/2/imported = false
tracks/2/enabled = true
tracks/2/keys = {
"times": PoolRealArray( 0, 0.5 ),
"transitions": PoolRealArray( 1, 1 ),
"update": 0,
"values": [ Color( 1, 1, 1, 1 ), Color( 1, 1, 1, 0 ) ]
}
tracks/3/type = "value"
tracks/3/path = NodePath("Name:modulate")
tracks/3/interp = 1
tracks/3/loop_wrap = true
tracks/3/imported = false
tracks/3/enabled = true
tracks/3/keys = {
"times": PoolRealArray( 0, 0.5 ),
"transitions": PoolRealArray( 1, 1 ),
"update": 0,
"values": [ Color( 1, 1, 1, 1 ), Color( 1, 1, 1, 0 ) ]
}
tracks/4/type = "value"
tracks/4/path = NodePath("Panel:modulate")
tracks/4/interp = 1
tracks/4/loop_wrap = true
tracks/4/imported = false
tracks/4/enabled = true
tracks/4/keys = {
"times": PoolRealArray( 0, 0.5 ),
"transitions": PoolRealArray( 1, 1 ),
"update": 0,
"values": [ Color( 1, 1, 1, 1 ), Color( 1, 1, 1, 0 ) ]
}
tracks/5/type = "value"
tracks/5/path = NodePath("NextPhase:modulate")
tracks/5/interp = 1
tracks/5/loop_wrap = true
tracks/5/imported = false
tracks/5/enabled = true
tracks/5/keys = {
"times": PoolRealArray( 0, 0.5 ),
"transitions": PoolRealArray( 1, 1 ),
"update": 0,
"values": [ Color( 1, 1, 1, 1 ), Color( 1, 1, 1, 0 ) ]
}
tracks/6/type = "value"
tracks/6/path = NodePath("Sprite:modulate")
tracks/6/interp = 1
tracks/6/loop_wrap = true
tracks/6/imported = false
tracks/6/enabled = true
tracks/6/keys = {
"times": PoolRealArray( 0, 0.5 ),
"transitions": PoolRealArray( 1, 1 ),
"update": 0,
"values": [ Color( 1, 1, 1, 1 ), Color( 1, 1, 1, 0 ) ]
}
tracks/7/type = "value"
tracks/7/path = NodePath("Screen:modulate")
tracks/7/interp = 1
tracks/7/loop_wrap = true
tracks/7/imported = false
tracks/7/enabled = true
tracks/7/keys = {
"times": PoolRealArray( 0, 0.5 ),
"transitions": PoolRealArray( 1, 1 ),
"update": 0,
"values": [ Color( 1, 1, 1, 1 ), Color( 1, 1, 1, 0 ) ]
}

[sub_resource type="DynamicFont" id=10]

[sub_resource type="StyleBoxFlat" id=12]
bg_color = Color( 0.45098, 0.45098, 0.45098, 1 )
border_width_left = 5
border_width_top = 5
border_width_right = 5
border_width_bottom = 5
border_color = Color( 0.278431, 0.278431, 0.278431, 1 )
border_blend = true

[sub_resource type="StyleBoxFlat" id=13]
bg_color = Color( 0.584314, 0.584314, 0.584314, 1 )
border_width_left = 5
border_width_top = 5
border_width_right = 5
border_width_bottom = 5
border_color = Color( 0.380392, 0.380392, 0.380392, 1 )
border_blend = true

[sub_resource type="StyleBoxFlat" id=14]
bg_color = Color( 0.592157, 0.592157, 0.592157, 1 )
border_width_left = 5
border_width_top = 5
border_width_right = 5
border_width_bottom = 5
border_color = Color( 0.364706, 0.364706, 0.364706, 1 )
border_blend = true

[sub_resource type="Theme" id=20]
Button/fonts/font = SubResource( 10 )
Button/styles/disabled = SubResource( 12 )
Button/styles/focus = SubResource( 12 )
Button/styles/hover = SubResource( 13 )
Button/styles/normal = SubResource( 12 )
Button/styles/pressed = SubResource( 14 )

[sub_resource type="InputEventAction" id=9]
action = "ui_cancel"

[sub_resource type="ShortCut" id=21]
shortcut = SubResource( 9 )

[sub_resource type="InputEventAction" id=22]
action = "ui_help"

[sub_resource type="ShortCut" id=23]
shortcut = SubResource( 22 )

[sub_resource type="DynamicFont" id=16]
size = 131
outline_size = 9
outline_color = Color( 0.317647, 0.317647, 0.317647, 0.717647 )
use_filter = true
extra_spacing_top = -93
font_data = ExtResource( 2 )

[sub_resource type="Theme" id=24]
Label/fonts/font = SubResource( 16 )

[sub_resource type="DynamicFont" id=34]
size = 45
outline_size = 2
outline_color = Color( 0.0156863, 0.0156863, 0.0156863, 0.717647 )
use_filter = true
font_data = ExtResource( 2 )

[sub_resource type="StyleBoxTexture" id=2]
texture = ExtResource( 5 )
region_rect = Rect2( 0, 0, 1082, 412 )
margin_left = 59.0958
margin_right = 62.0403
margin_top = 43.2507
margin_bottom = 48.247

[sub_resource type="StyleBoxTexture" id=35]
texture = ExtResource( 9 )
region_rect = Rect2( 0, 0, 1082, 412 )
margin_left = 92.0958
margin_right = 90.1697
margin_top = 43.2507
margin_bottom = 48.247

[sub_resource type="StyleBoxEmpty" id=3]

[sub_resource type="StyleBoxEmpty" id=4]

[sub_resource type="StyleBoxEmpty" id=5]

[sub_resource type="StyleBoxEmpty" id=6]

[sub_resource type="StyleBoxEmpty" id=7]

[sub_resource type="StyleBoxEmpty" id=8]

[sub_resource type="StyleBoxFlat" id=37]
content_margin_left = 20.0
content_margin_right = 154.0
content_margin_top = 10.0
content_margin_bottom = 10.0
bg_color = Color( 0.4, 0.4, 0.4, 1 )

[sub_resource type="StyleBoxEmpty" id=38]

[sub_resource type="StyleBoxEmpty" id=11]

[sub_resource type="StyleBoxEmpty" id=39]

[sub_resource type="StyleBoxEmpty" id=40]

[sub_resource type="StyleBoxEmpty" id=41]

[sub_resource type="StyleBoxFlat" id=15]
content_margin_left = 0.0
content_margin_right = 0.0
content_margin_top = 0.0
content_margin_bottom = 0.0
bg_color = Color( 1, 1, 1, 1 )
border_width_left = 6
border_width_top = 6
border_width_right = 2
border_width_bottom = 2
border_color = Color( 0.0862745, 0.0862745, 0.0862745, 1 )
border_blend = true
corner_detail = 3
expand_margin_left = 5.0
expand_margin_right = 5.0
expand_margin_top = 5.0
expand_margin_bottom = 5.0

[sub_resource type="StyleBoxLine" id=42]
thickness = 10

[sub_resource type="StyleBoxFlat" id=43]
content_margin_left = 4.0
bg_color = Color( 0.156863, 0.156863, 0.156863, 1 )
border_width_left = 5
border_width_top = 10
border_width_right = 2
border_width_bottom = 2
border_color = Color( 0.0705882, 0.0705882, 0.0705882, 1 )
border_blend = true

[sub_resource type="StyleBoxEmpty" id=44]

[sub_resource type="StyleBoxEmpty" id=45]

[sub_resource type="StyleBoxFlat" id=46]
bg_color = Color( 0.886275, 0.886275, 0.886275, 1 )
border_width_left = 3
border_width_top = 3
border_color = Color( 0.960784, 0.960784, 0.960784, 1 )
border_blend = true

[sub_resource type="StyleBoxFlat" id=47]
bg_color = Color( 0.686275, 0.686275, 0.686275, 1 )
border_width_left = 3
border_width_top = 3
border_color = Color( 0.858824, 0.858824, 0.858824, 1 )
border_blend = true
expand_margin_left = 5.0
expand_margin_right = 5.0
expand_margin_top = 5.0
expand_margin_bottom = 5.0
shadow_size = 2

[sub_resource type="StyleBoxFlat" id=48]
bg_color = Color( 0.239216, 0.239216, 0.239216, 1 )
border_width_left = 3
border_width_top = 3
border_color = Color( 0.282353, 0.282353, 0.282353, 1 )
border_blend = true
expand_margin_left = 5.0
expand_margin_right = 5.0
expand_margin_top = 5.0
expand_margin_bottom = 5.0

[sub_resource type="StyleBoxLine" id=49]
color = Color( 0.686275, 0.686275, 0.686275, 1 )
thickness = 3

[sub_resource type="DynamicFont" id=50]
size = 20
outline_size = 2
outline_color = Color( 0.176471, 0.176471, 0.176471, 0.717647 )
use_mipmaps = true
extra_spacing_top = 3
font_data = ExtResource( 1 )

[sub_resource type="StyleBoxFlat" id=25]
content_margin_left = 0.0
bg_color = Color( 0.0862745, 0.0901961, 0.0862745, 1 )
border_width_left = 3
border_width_top = 15
border_width_right = 1
border_width_bottom = 1
border_color = Color( 0.00784314, 0.00784314, 0.00784314, 1 )
border_blend = true
corner_radius_top_left = 15
corner_radius_top_right = 15
corner_radius_bottom_right = 15
corner_radius_bottom_left = 15
shadow_color = Color( 0.376471, 0.376471, 0.376471, 0.6 )

[sub_resource type="StyleBoxFlat" id=26]
bg_color = Color( 0.203922, 0.203922, 0.203922, 1 )
border_width_left = 5
border_width_top = 5
border_color = Color( 0, 0, 0, 1 )
border_blend = true
corner_radius_top_left = 5
corner_radius_top_right = 5
corner_radius_bottom_right = 5
corner_radius_bottom_left = 5

[sub_resource type="StyleBoxTexture" id=27]
content_margin_left = 40.0
content_margin_right = 40.0
content_margin_top = 15.0
content_margin_bottom = 50.0
texture = ExtResource( 3 )
region_rect = Rect2( 0, 0, 1082, 412 )
margin_left = 111.254
margin_right = 137.817
margin_top = 112.332
margin_bottom = 141.253
expand_margin_left = 20.0
expand_margin_right = 20.0
expand_margin_top = 15.0
expand_margin_bottom = 80.0

[sub_resource type="StyleBoxFlat" id=29]
bg_color = Color( 0.384314, 0.384314, 0.384314, 1 )
border_width_top = 2
border_width_right = 2
border_color = Color( 0.545098, 0.545098, 0.545098, 1 )
border_blend = true
shadow_size = 1

[sub_resource type="StyleBoxFlat" id=30]
bg_color = Color( 0.533333, 0.533333, 0.533333, 1 )
border_width_top = 2
border_width_right = 2
border_color = Color( 0.760784, 0.760784, 0.760784, 1 )
border_blend = true
shadow_size = 1

[sub_resource type="StyleBoxFlat" id=31]
content_margin_left = 0.0
bg_color = Color( 0.27451, 0.27451, 0.27451, 1 )
border_width_right = 50
border_color = Color( 0.168627, 0.168627, 0.168627, 1 )
border_blend = true
shadow_size = 2

[sub_resource type="StyleBoxTexture" id=32]
content_margin_left = 5.0
content_margin_right = 5.0
content_margin_top = 5.0
content_margin_bottom = 5.0
texture = ExtResource( 27 )
region_rect = Rect2( -37.5632, -48.3358, 1134.64, 470.552 )
margin_left = 111.254
margin_right = 137.817
margin_top = 134.022
margin_bottom = 134.022
expand_margin_left = 100.0
expand_margin_right = 100.0
expand_margin_top = 150.0
expand_margin_bottom = 100.0

[sub_resource type="Theme" id=36]
default_font = ExtResource( 25 )
Button/colors/font_color = Color( 0.854902, 0.854902, 0.854902, 1 )
Button/colors/font_color_disabled = Color( 0.611765, 0.611765, 0.611765, 1 )
Button/colors/font_color_hover = Color( 0.854902, 0.854902, 0.854902, 1 )
Button/colors/font_color_pressed = Color( 0.854902, 0.854902, 0.854902, 1 )
Button/constants/hseparation = 4
Button/fonts/font = SubResource( 34 )
Button/styles/disabled = SubResource( 2 )
Button/styles/focus = ExtResource( 19 )
Button/styles/hover = ExtResource( 19 )
Button/styles/normal = SubResource( 35 )
Button/styles/pressed = ExtResource( 15 )
CheckBox/colors/font_color = Color( 0.509804, 0.509804, 0.509804, 1 )
CheckBox/colors/font_color_disabled = Color( 0.403922, 0.403922, 0.403922, 1 )
CheckBox/colors/font_color_hover = Color( 0.647059, 0.647059, 0.647059, 1 )
CheckBox/colors/font_color_hover_pressed = Color( 0.647059, 0.647059, 0.647059, 1 )
CheckBox/colors/font_color_pressed = Color( 0.647059, 0.647059, 0.647059, 1 )
CheckBox/constants/check_vadjust = 0
CheckBox/constants/hseparation = 4
CheckBox/fonts/font = null
CheckBox/icons/checked = ExtResource( 30 )
CheckBox/icons/radio_checked = ExtResource( 30 )
CheckBox/icons/radio_unchecked = ExtResource( 26 )
CheckBox/icons/unchecked = ExtResource( 26 )
CheckBox/styles/disabled = SubResource( 3 )
CheckBox/styles/focus = SubResource( 4 )
CheckBox/styles/hover = SubResource( 5 )
CheckBox/styles/hover_pressed = SubResource( 6 )
CheckBox/styles/normal = SubResource( 7 )
CheckBox/styles/pressed = SubResource( 8 )
CheckButton/colors/font_color = Color( 0.854902, 0.854902, 0.854902, 1 )
CheckButton/colors/font_color_disabled = Color( 0.560784, 0.560784, 0.560784, 1 )
CheckButton/colors/font_color_hover = Color( 0.854902, 0.854902, 0.854902, 1 )
CheckButton/colors/font_color_hover_pressed = Color( 0.854902, 0.854902, 0.854902, 1 )
CheckButton/colors/font_color_pressed = Color( 0.854902, 0.854902, 0.854902, 1 )
CheckButton/constants/check_vadjust = -17
CheckButton/constants/hseparation = 4
CheckButton/fonts/font = null
CheckButton/icons/off = ExtResource( 28 )
CheckButton/icons/off_disabled = ExtResource( 28 )
CheckButton/icons/on = ExtResource( 29 )
CheckButton/icons/on_disabled = ExtResource( 29 )
CheckButton/styles/disabled = SubResource( 37 )
CheckButton/styles/focus = ExtResource( 13 )
CheckButton/styles/hover = SubResource( 38 )
CheckButton/styles/hover_pressed = SubResource( 11 )
CheckButton/styles/normal = SubResource( 39 )
CheckButton/styles/pressed = SubResource( 40 )
ColorPicker/constants/h_width = 30
ColorPicker/constants/label_width = 10
ColorPicker/constants/margin = 4
ColorPicker/constants/sv_height = 256
ColorPicker/constants/sv_width = 256
ColorPicker/icons/add_preset = null
ColorPicker/icons/color_hue = null
ColorPicker/icons/color_sample = null
ColorPicker/icons/overbright_indicator = null
ColorPicker/icons/preset_bg = null
ColorPicker/icons/screen_picker = null
ColorPickerButton/colors/font_color = Color( 0, 0, 0, 1 )
ColorPickerButton/colors/font_color_disabled = Color( 0, 0, 0, 1 )
ColorPickerButton/colors/font_color_hover = Color( 0, 0, 0, 1 )
ColorPickerButton/colors/font_color_pressed = Color( 0, 0, 0, 1 )
ColorPickerButton/constants/hseparation = 2
ColorPickerButton/fonts/font = null
ColorPickerButton/icons/bg = null
ColorPickerButton/styles/disabled = null
ColorPickerButton/styles/focus = null
ColorPickerButton/styles/hover = null
ColorPickerButton/styles/normal = null
ColorPickerButton/styles/pressed = null
Dialogs/constants/button_margin = 32
Dialogs/constants/margin = 8
FileDialog/colors/file_icon_modulate = Color( 0, 0, 0, 1 )
FileDialog/colors/files_disabled = Color( 0, 0, 0, 1 )
FileDialog/colors/folder_icon_modulate = Color( 0, 0, 0, 1 )
FileDialog/icons/file = null
FileDialog/icons/folder = null
FileDialog/icons/parent_folder = null
FileDialog/icons/reload = null
FileDialog/icons/toggle_hidden = null
Fonts/fonts/large = ExtResource( 25 )
Fonts/fonts/normal = ExtResource( 25 )
GraphEdit/colors/activity = Color( 0, 0, 0, 1 )
GraphEdit/colors/grid_major = Color( 0, 0, 0, 1 )
GraphEdit/colors/grid_minor = Color( 0, 0, 0, 1 )
GraphEdit/colors/selection_fill = Color( 0, 0, 0, 1 )
GraphEdit/colors/selection_stroke = Color( 0, 0, 0, 1 )
GraphEdit/constants/bezier_len_neg = 160
GraphEdit/constants/bezier_len_pos = 80
GraphEdit/constants/port_grab_distance_horizontal = 48
GraphEdit/constants/port_grab_distance_vertical = 6
GraphEdit/icons/minimap = null
GraphEdit/icons/minus = null
GraphEdit/icons/more = null
GraphEdit/icons/reset = null
GraphEdit/icons/snap = null
GraphEdit/styles/bg = null
GraphEditMinimap/colors/resizer_color = Color( 0, 0, 0, 1 )
GraphEditMinimap/icons/resizer = null
GraphEditMinimap/styles/bg = null
GraphEditMinimap/styles/camera = null
GraphEditMinimap/styles/node = null
GraphNode/colors/close_color = Color( 0, 0, 0, 1 )
GraphNode/colors/resizer_color = Color( 0, 0, 0, 1 )
GraphNode/colors/title_color = Color( 0, 0, 0, 1 )
GraphNode/constants/close_offset = 18
GraphNode/constants/port_offset = 3
GraphNode/constants/separation = 1
GraphNode/constants/title_offset = 20
GraphNode/fonts/title_font = null
GraphNode/icons/close = null
GraphNode/icons/port = null
GraphNode/icons/resizer = null
GraphNode/styles/breakpoint = null
GraphNode/styles/comment = null
GraphNode/styles/commentfocus = null
GraphNode/styles/defaultfocus = null
GraphNode/styles/defaultframe = null
GraphNode/styles/frame = null
GraphNode/styles/position = null
GraphNode/styles/selectedframe = null
GridContainer/constants/hseparation = 4
GridContainer/constants/vseparation = 4
HBoxContainer/constants/separation = 4
HScrollBar/icons/decrement = null
HScrollBar/icons/decrement_highlight = null
HScrollBar/icons/increment = null
HScrollBar/icons/increment_highlight = null
HScrollBar/styles/grabber = null
HScrollBar/styles/grabber_highlight = null
HScrollBar/styles/grabber_pressed = null
HScrollBar/styles/scroll = null
HScrollBar/styles/scroll_focus = null
HSeparator/constants/separation = 4
HSeparator/styles/separator = SubResource( 41 )
HSlider/icons/grabber = ExtResource( 8 )
HSlider/icons/grabber_disabled = ExtResource( 6 )
HSlider/icons/grabber_highlight = ExtResource( 7 )
HSlider/icons/tick = null
HSlider/styles/grabber_area = ExtResource( 12 )
HSlider/styles/grabber_area_highlight = SubResource( 15 )
HSlider/styles/slider = SubResource( 42 )
HSplitContainer/constants/autohide = 1
HSplitContainer/constants/separation = 12
HSplitContainer/icons/grabber = null
HSplitContainer/styles/bg = null
Icons/icons/close = null
ItemList/colors/font_color = Color( 0.847059, 0.847059, 0.847059, 1 )
ItemList/colors/font_color_selected = Color( 0.847059, 0.847059, 0.847059, 1 )
ItemList/colors/guide_color = Color( 0.560784, 0.560784, 0.560784, 0 )
ItemList/constants/hseparation = 4
ItemList/constants/icon_margin = 4
ItemList/constants/line_separation = 8
ItemList/constants/vseparation = 2
ItemList/fonts/font = null
ItemList/styles/bg = SubResource( 43 )
ItemList/styles/bg_focus = SubResource( 44 )
ItemList/styles/cursor = null
ItemList/styles/cursor_unfocused = null
ItemList/styles/selected = ExtResource( 14 )
ItemList/styles/selected_focus = ExtResource( 14 )
Label/colors/font_color = Color( 1, 1, 1, 1 )
Label/colors/font_color_shadow = Color( 0.0901961, 0.0901961, 0.0901961, 1 )
Label/colors/font_outline_modulate = Color( 0, 0, 0, 1 )
Label/constants/line_spacing = 3
Label/constants/shadow_as_outline = 1
Label/constants/shadow_offset_x = 1
Label/constants/shadow_offset_y = 1
Label/fonts/font = ExtResource( 25 )
Label/styles/normal = null
LineEdit/colors/clear_button_color = Color( 0, 0, 0, 1 )
LineEdit/colors/clear_button_color_pressed = Color( 0, 0, 0, 1 )
LineEdit/colors/cursor_color = Color( 0.490196, 0.490196, 0.490196, 1 )
LineEdit/colors/font_color = Color( 0.415686, 0.415686, 0.415686, 1 )
LineEdit/colors/font_color_selected = Color( 0.278431, 0.278431, 0.278431, 1 )
LineEdit/colors/font_color_uneditable = Color( 0.615686, 0.615686, 0.615686, 1 )
LineEdit/colors/selection_color = Color( 0.678431, 0.678431, 0.678431, 1 )
LineEdit/constants/minimum_spaces = 3
LineEdit/fonts/font = ExtResource( 25 )
LineEdit/icons/clear = null
LineEdit/styles/focus = ExtResource( 20 )
LineEdit/styles/normal = ExtResource( 20 )
LineEdit/styles/read_only = ExtResource( 20 )
LinkButton/colors/font_color = Color( 0, 0, 0, 1 )
LinkButton/colors/font_color_hover = Color( 0, 0, 0, 1 )
LinkButton/colors/font_color_pressed = Color( 0, 0, 0, 1 )
LinkButton/constants/underline_spacing = 2
LinkButton/fonts/font = null
LinkButton/styles/focus = null
MarginContainer/constants/margin_bottom = 0
MarginContainer/constants/margin_left = 0
MarginContainer/constants/margin_right = 0
MarginContainer/constants/margin_top = 0
MenuButton/colors/font_color = Color( 0, 0, 0, 1 )
MenuButton/colors/font_color_disabled = Color( 0, 0, 0, 1 )
MenuButton/colors/font_color_hover = Color( 0, 0, 0, 1 )
MenuButton/colors/font_color_pressed = Color( 0, 0, 0, 1 )
MenuButton/constants/hseparation = 3
MenuButton/fonts/font = null
MenuButton/styles/disabled = null
MenuButton/styles/focus = null
MenuButton/styles/hover = null
MenuButton/styles/normal = null
MenuButton/styles/pressed = null
OptionButton/colors/font_color = Color( 0.854902, 0.854902, 0.854902, 1 )
OptionButton/colors/font_color_disabled = Color( 0.854902, 0.854902, 0.854902, 1 )
OptionButton/colors/font_color_hover = Color( 0.854902, 0.854902, 0.854902, 1 )
OptionButton/colors/font_color_pressed = Color( 0.854902, 0.854902, 0.854902, 1 )
OptionButton/constants/arrow_margin = 2
OptionButton/constants/hseparation = 2
OptionButton/fonts/font = null
OptionButton/icons/arrow = null
OptionButton/styles/disabled = ExtResource( 23 )
OptionButton/styles/focus = SubResource( 45 )
OptionButton/styles/hover = ExtResource( 19 )
OptionButton/styles/normal = ExtResource( 22 )
OptionButton/styles/pressed = ExtResource( 15 )
Panel/styles/panel = ExtResource( 18 )
PanelContainer/styles/panel = null
PopupDialog/styles/panel = ExtResource( 18 )
PopupMenu/colors/font_color = Color( 0.356863, 0.356863, 0.356863, 1 )
PopupMenu/colors/font_color_accel = Color( 0, 0, 0, 1 )
PopupMenu/colors/font_color_disabled = Color( 0, 0, 0, 1 )
PopupMenu/colors/font_color_hover = Color( 0.462745, 0.462745, 0.462745, 1 )
PopupMenu/colors/font_color_separator = Color( 0, 0, 0, 1 )
PopupMenu/constants/hseparation = 4
PopupMenu/constants/vseparation = 4
PopupMenu/fonts/font = null
PopupMenu/icons/checked = null
PopupMenu/icons/radio_checked = null
PopupMenu/icons/radio_unchecked = null
PopupMenu/icons/submenu = null
PopupMenu/icons/unchecked = null
PopupMenu/styles/hover = SubResource( 46 )
PopupMenu/styles/labeled_separator_left = null
PopupMenu/styles/labeled_separator_right = null
PopupMenu/styles/panel = SubResource( 47 )
PopupMenu/styles/panel_disabled = SubResource( 48 )
PopupMenu/styles/separator = SubResource( 49 )
PopupPanel/styles/panel = ExtResource( 18 )
ProgressBar/colors/font_color = Color( 1, 1, 1, 1 )
ProgressBar/colors/font_color_shadow = Color( 0, 0, 0, 1 )
ProgressBar/fonts/font = SubResource( 50 )
ProgressBar/styles/bg = SubResource( 25 )
ProgressBar/styles/fg = ExtResource( 10 )
RichTextLabel/colors/default_color = Color( 0, 0, 0, 1 )
RichTextLabel/colors/font_color_selected = Color( 0, 0, 0, 1 )
RichTextLabel/colors/font_color_shadow = Color( 0, 0, 0, 1 )
RichTextLabel/colors/selection_color = Color( 0, 0, 0, 1 )
RichTextLabel/constants/line_separation = 1
RichTextLabel/constants/shadow_as_outline = 0
RichTextLabel/constants/shadow_offset_x = 1
RichTextLabel/constants/shadow_offset_y = 1
RichTextLabel/constants/table_hseparation = 3
RichTextLabel/constants/table_vseparation = 3
RichTextLabel/fonts/bold_font = null
RichTextLabel/fonts/bold_italics_font = null
RichTextLabel/fonts/italics_font = null
RichTextLabel/fonts/mono_font = null
RichTextLabel/fonts/normal_font = null
RichTextLabel/styles/focus = null
RichTextLabel/styles/normal = null
ScrollContainer/styles/bg = SubResource( 26 )
SpinBox/icons/updown = null
TabContainer/colors/font_color_bg = Color( 0.368627, 0.356863, 0.356863, 1 )
TabContainer/colors/font_color_disabled = Color( 0.309804, 0.309804, 0.309804, 1 )
TabContainer/colors/font_color_fg = Color( 0.513726, 0.494118, 0.494118, 1 )
TabContainer/constants/hseparation = 4
TabContainer/constants/label_valign_bg = 2
TabContainer/constants/label_valign_fg = 0
TabContainer/constants/side_margin = 8
TabContainer/constants/top_margin = 24
TabContainer/fonts/font = ExtResource( 24 )
TabContainer/icons/decrement = null
TabContainer/icons/decrement_highlight = null
TabContainer/icons/increment = null
TabContainer/icons/increment_highlight = null
TabContainer/icons/menu = null
TabContainer/icons/menu_highlight = null
TabContainer/styles/panel = ExtResource( 21 )
TabContainer/styles/tab_bg = ExtResource( 16 )
TabContainer/styles/tab_disabled = ExtResource( 16 )
TabContainer/styles/tab_fg = SubResource( 27 )
Tabs/colors/font_color_bg = Color( 0, 0, 0, 1 )
Tabs/colors/font_color_disabled = Color( 0, 0, 0, 1 )
Tabs/colors/font_color_fg = Color( 0, 0, 0, 1 )
Tabs/constants/hseparation = 4
Tabs/constants/label_valign_bg = 2
Tabs/constants/label_valign_fg = 0
Tabs/constants/top_margin = 24
Tabs/fonts/font = null
Tabs/icons/close = null
Tabs/icons/decrement = null
Tabs/icons/decrement_highlight = null
Tabs/icons/increment = null
Tabs/icons/increment_highlight = null
Tabs/styles/button = null
Tabs/styles/button_pressed = null
Tabs/styles/panel = ExtResource( 11 )
Tabs/styles/tab_bg = null
Tabs/styles/tab_disabled = null
Tabs/styles/tab_fg = null
TextEdit/colors/background_color = Color( 0, 0, 0, 1 )
TextEdit/colors/bookmark_color = Color( 0, 0, 0, 1 )
TextEdit/colors/brace_mismatch_color = Color( 0, 0, 0, 1 )
TextEdit/colors/breakpoint_color = Color( 0, 0, 0, 1 )
TextEdit/colors/caret_background_color = Color( 0, 0, 0, 1 )
TextEdit/colors/caret_color = Color( 0, 0, 0, 1 )
TextEdit/colors/code_folding_color = Color( 0, 0, 0, 1 )
TextEdit/colors/completion_background_color = Color( 0, 0, 0, 1 )
TextEdit/colors/completion_existing_color = Color( 0, 0, 0, 1 )
TextEdit/colors/completion_font_color = Color( 0, 0, 0, 1 )
TextEdit/colors/completion_scroll_color = Color( 0, 0, 0, 1 )
TextEdit/colors/completion_selected_color = Color( 0, 0, 0, 1 )
TextEdit/colors/current_line_color = Color( 0, 0, 0, 1 )
TextEdit/colors/executing_line_color = Color( 0, 0, 0, 1 )
TextEdit/colors/font_color = Color( 0.439216, 0.439216, 0.439216, 1 )
TextEdit/colors/font_color_readonly = Color( 0, 0, 0, 1 )
TextEdit/colors/font_color_selected = Color( 0, 0, 0, 1 )
TextEdit/colors/function_color = Color( 0, 0, 0, 1 )
TextEdit/colors/line_number_color = Color( 0, 0, 0, 1 )
TextEdit/colors/mark_color = Color( 0, 0, 0, 1 )
TextEdit/colors/member_variable_color = Color( 0, 0, 0, 1 )
TextEdit/colors/number_color = Color( 0, 0, 0, 1 )
TextEdit/colors/safe_line_number_color = Color( 0, 0, 0, 1 )
TextEdit/colors/selection_color = Color( 0, 0, 0, 1 )
TextEdit/colors/symbol_color = Color( 0, 0, 0, 1 )
TextEdit/colors/word_highlighted_color = Color( 0, 0, 0, 1 )
TextEdit/constants/completion_lines = 7
TextEdit/constants/completion_max_width = 50
TextEdit/constants/completion_scroll_width = 3
TextEdit/constants/line_spacing = 4
TextEdit/fonts/font = ExtResource( 25 )
TextEdit/icons/fold = null
TextEdit/icons/folded = null
TextEdit/icons/space = null
TextEdit/icons/tab = null
TextEdit/styles/completion = ExtResource( 17 )
TextEdit/styles/focus = ExtResource( 17 )
TextEdit/styles/normal = ExtResource( 17 )
TextEdit/styles/read_only = ExtResource( 17 )
ToolButton/colors/font_color = Color( 0, 0, 0, 1 )
ToolButton/colors/font_color_disabled = Color( 0, 0, 0, 1 )
ToolButton/colors/font_color_hover = Color( 0, 0, 0, 1 )
ToolButton/colors/font_color_pressed = Color( 0, 0, 0, 1 )
ToolButton/constants/hseparation = 3
ToolButton/fonts/font = null
ToolButton/styles/disabled = null
ToolButton/styles/focus = null
ToolButton/styles/hover = null
ToolButton/styles/normal = null
ToolButton/styles/pressed = null
TooltipLabel/colors/font_color = Color( 0, 0, 0, 1 )
TooltipLabel/colors/font_color_shadow = Color( 0, 0, 0, 0.109804 )
TooltipLabel/constants/shadow_offset_x = 1
TooltipLabel/constants/shadow_offset_y = 1
TooltipLabel/fonts/font = null
TooltipPanel/styles/panel = null
Tree/colors/custom_button_font_highlight = Color( 0, 0, 0, 1 )
Tree/colors/drop_position_color = Color( 0, 0, 0, 1 )
Tree/colors/font_color = Color( 0, 0, 0, 1 )
Tree/colors/font_color_selected = Color( 0, 0, 0, 1 )
Tree/colors/guide_color = Color( 0, 0, 0, 1 )
Tree/colors/relationship_line_color = Color( 0, 0, 0, 1 )
Tree/colors/title_button_color = Color( 0, 0, 0, 1 )
Tree/constants/button_margin = 4
Tree/constants/draw_guides = 1
Tree/constants/draw_relationship_lines = 0
Tree/constants/hseparation = 4
Tree/constants/item_margin = 12
Tree/constants/scroll_border = 4
Tree/constants/scroll_speed = 12
Tree/constants/vseparation = 4
Tree/fonts/font = null
Tree/fonts/title_button_font = null
Tree/icons/arrow = null
Tree/icons/arrow_collapsed = null
Tree/icons/checked = ExtResource( 30 )
Tree/icons/select_arrow = null
Tree/icons/unchecked = ExtResource( 26 )
Tree/icons/updown = null
Tree/styles/bg = null
Tree/styles/bg_focus = null
Tree/styles/button_pressed = null
Tree/styles/cursor = null
Tree/styles/cursor_unfocused = null
Tree/styles/custom_button = null
Tree/styles/custom_button_hover = null
Tree/styles/custom_button_pressed = null
Tree/styles/selected = null
Tree/styles/selected_focus = null
Tree/styles/title_button_hover = null
Tree/styles/title_button_normal = null
Tree/styles/title_button_pressed = null
VBoxContainer/constants/separation = 4
VScrollBar/icons/decrement = null
VScrollBar/icons/decrement_highlight = null
VScrollBar/icons/increment = null
VScrollBar/icons/increment_highlight = null
VScrollBar/styles/grabber = SubResource( 29 )
VScrollBar/styles/grabber_highlight = SubResource( 29 )
VScrollBar/styles/grabber_pressed = SubResource( 30 )
VScrollBar/styles/scroll = SubResource( 31 )
VScrollBar/styles/scroll_focus = null
VSeparator/constants/separation = 4
VSeparator/styles/separator = null
VSlider/icons/grabber = ExtResource( 8 )
VSlider/icons/grabber_disabled = ExtResource( 6 )
VSlider/icons/grabber_highlight = ExtResource( 7 )
VSlider/icons/tick = null
VSlider/styles/grabber_area = ExtResource( 12 )
VSlider/styles/grabber_area_highlight = ExtResource( 12 )
VSlider/styles/slider = null
VSplitContainer/constants/autohide = 1
VSplitContainer/constants/separation = 12
VSplitContainer/icons/grabber = null
VSplitContainer/styles/bg = null
WindowDialog/colors/title_color = Color( 0, 0, 0, 1 )
WindowDialog/constants/close_h_ofs = 18
WindowDialog/constants/close_v_ofs = 18
WindowDialog/constants/scaleborder_size = 4
WindowDialog/constants/title_height = 80
WindowDialog/fonts/title_font = null
WindowDialog/icons/close = null
WindowDialog/icons/close_highlight = null
WindowDialog/styles/panel = SubResource( 32 )

[sub_resource type="StyleBoxFlat" id=51]
bg_color = Color( 0, 0, 0, 1 )

[sub_resource type="Theme" id=52]
ScrollContainer/styles/bg = SubResource( 51 )

[node name="Control" type="Control"]
anchor_right = 1.0
anchor_bottom = 1.0
script = ExtResource( 33 )
__meta__ = {
"_edit_use_anchors_": false
}

[node name="Screen" type="Control" parent="."]
mouse_filter = 1
__meta__ = {
"_edit_use_anchors_": false
}

[node name="Polygon2D" type="Polygon2D" parent="Screen"]
position = Vector2( -6.10352e-05, -6.10352e-05 )
color = Color( 0, 0, 0, 1 )
invert_border = 247.9
polygon = PoolVector2Array( -121, -55, -121, 1181, 2043, 1197, 2011, -115 )

[node name="Sprite2" type="Polygon2D" parent="Screen"]
position = Vector2( 932.875, 562.875 )
scale = Vector2( 3.9427, 2.75353 )
color = Color( 0.0588235, 0.0588235, 0.0588235, 1 )
texture = ExtResource( 35 )
polygon = PoolVector2Array( -246.754, -215.315, -251.573, 208.868, 264.571, 214.679, 270.912, -213.136 )
uv = PoolVector2Array( 8.82578, 16.1291, 5.59993, 419.355, 583.019, 422.581, 586.245, 9.67738 )

[node name="CPUParticles2D" type="CPUParticles2D" parent="Screen"]
position = Vector2( 930, 1024 )
scale = Vector2( 1.53835, 1.3758 )
amount = 50
lifetime = 2.0
preprocess = 104.59
texture = ExtResource( 4 )
emission_shape = 2
emission_rect_extents = Vector2( 500, 800 )
direction = Vector2( 0, -1 )
spread = 94.8
initial_velocity = 133.94
angular_velocity = -249.6
orbit_velocity = 0.1
linear_accel = -94.5
radial_accel = 78.79
radial_accel_random = 0.85
tangential_accel = 53.21
tangential_accel_random = 0.61
scale_amount = 2.0
scale_amount_random = 1.0
color = Color( 0.203922, 0.203922, 0.203922, 1 )
color_ramp = SubResource( 53 )

[node name="AnimationPlayer" type="AnimationPlayer" parent="."]
anims/Load = SubResource( 17 )
anims/RESET = SubResource( 18 )
anims/Unload = SubResource( 19 )

[node name="CloseButton" type="Button" parent="."]
margin_left = 1726.0
margin_top = 73.0001
margin_right = 1834.0
margin_bottom = 175.0
theme = SubResource( 20 )
shortcut_in_tooltip = false
shortcut = SubResource( 21 )
icon = ExtResource( 31 )
__meta__ = {
"_edit_use_anchors_": false
}

[node name="HelpButton" type="Button" parent="."]
margin_left = 1592.0
margin_top = 73.0
margin_right = 1700.0
margin_bottom = 179.0
theme = SubResource( 20 )
shortcut_in_tooltip = false
shortcut = SubResource( 23 )
icon = ExtResource( 32 )
__meta__ = {
"_edit_use_anchors_": false
}

[node name="Name" type="Label" parent="."]
margin_left = -230.0
margin_top = 82.0
margin_right = 1262.01
margin_bottom = 359.0
theme = SubResource( 24 )
text = "Free Duel"
align = 1
__meta__ = {
"_edit_use_anchors_": false
}

[node name="Sprite" type="Sprite" parent="."]
position = Vector2( 1415.6, 525.72 )
scale = Vector2( 0.56, 0.56 )

[node name="Polygon2D" type="Polygon2D" parent="."]
position = Vector2( 1104.32, 224.416 )
scale = Vector2( 0.596293, 0.566827 )
color = Color( 0.184314, 0.184314, 0.184314, 1 )
invert_enable = true
invert_border = 40.0
polygon = PoolVector2Array( 33, 27, 1018, 27, 1018, 1040, 33, 1040 )

[node name="Panel" type="Panel" parent="."]
margin_left = 158.0
margin_top = 249.0
margin_right = 958.0
margin_bottom = 999.0
theme = SubResource( 36 )
__meta__ = {
"_edit_use_anchors_": false
}

[node name="ScrollContainer" type="ScrollContainer" parent="Panel"]
margin_left = 6.0
margin_top = -2.0
margin_right = 756.0
margin_bottom = 698.0
theme = SubResource( 52 )
__meta__ = {
"_edit_use_anchors_": false
}

[node name="VBoxContainer" type="VBoxContainer" parent="Panel/ScrollContainer"]

[node name="GridContainer" type="GridContainer" parent="Panel/ScrollContainer/VBoxContainer"]

[node name="NextPhase" type="Button" parent="."]
margin_left = 1283.0
margin_top = 872.0
margin_right = 1574.27
margin_bottom = 1043.5
focus_neighbour_left = NodePath(".")
focus_neighbour_top = NodePath(".")
focus_neighbour_right = NodePath("../EndTurn")
focus_neighbour_bottom = NodePath("../EndTurn")
theme = ExtResource( 34 )
shortcut_in_tooltip = false
text = "OK!"
__meta__ = {
"_edit_use_anchors_": false
}

[connection signal="animation_finished" from="AnimationPlayer" to="." method="_on_AnimationPlayer_animation_finished"]
[connection signal="pressed" from="CloseButton" to="." method="_on_CloseButton_pressed"]
[connection signal="pressed" from="HelpButton" to="." method="_on_HelpButton_pressed"]
[connection signal="pressed" from="NextPhase" to="." method="_on_NextPhase_pressed"]
